{"data":[{"c":["1","12"],"p":140.46,"s":"AAPL","t":1665169618722,"v":50},{"c":null,"p":19476.03,"s":"BINANCE:BTCUSDT","t":1665169618732,"v":0.00169},{"c":null,"p":19476.04,"s":"BINANCE:BTCUSDT","t":1665169618732,"v":0.00831},{"c":null,"p":19476.08,"s":"BINANCE:BTCUSDT","t":1665169618734,"v":0.00169},{"c":null,"p":19476.46,"s":"BINANCE:BTCUSDT","t":1665169618734,"v":0.0051},{"c":null,"p":19476.47,"s":"BINANCE:BTCUSDT","t":1665169618734,"v":0.0068},{"c":null,"p":19476.52,"s":"BINANCE:BTCUSDT","t":1665169618734,"v":0.00056},{"c":null,"p":19476.56,"s":"BINANCE:BTCUSDT","t":1665169618734,"v":0.3868},{"c":null,"p":19476.56,"s":"BINANCE:BTCUSDT","t":1665169618734,"v":0.08642},{"c":null,"p":19476.56,"s":"BINANCE:BTCUSDT","t":1665169618734,"v":0.1265}],"type":"trade"}

{"data":[{"c":["1","12"],"p":140.4599,"s":"AAPL","t":1665169619580,"v":1},{"c":null,"p":19476.22,"s":"BINANCE:BTCUSDT","t":1665169619568,"v":0.04722},{"c":["1","12"],"p":118.9499,"s":"IBM","t":1665169619662,"v":1},{"c":null,"p":19477.01,"s":"BINANCE:BTCUSDT","t":1665169619611,"v":0.00169},{"c":["1","12"],"p":140.455,"s":"AAPL","t":1665169619700,"v":6},{"c":["1","12"],"p":140.4592,"s":"AAPL","t":1665169619785,"v":5},{"c":null,"p":19476.36,"s":"BINANCE:BTCUSDT","t":1665169619752,"v":0.00424},{"c":null,"p":19476.36,"s":"BINANCE:BTCUSDT","t":1665169619752,"v":0.05019},{"c":null,"p":19476.3,"s":"BINANCE:BTCUSDT","t":1665169619752,"v":0.02295},{"c":["1","12"],"p":140.455,"s":"AAPL","t":1665169619838,"v":50}],"type":"trade"}

{"data":[{"c":["1","12"],"p":140.47,"s":"AAPL","t":1665169621022,"v":8},{"c":["1","12"],"p":140.47,"s":"AAPL","t":1665169621023,"v":3},{"c":null,"p":0.9735,"s":"IC MARKETS:1","t":1665169621373,"v":0},{"c":["1","12"],"p":140.47,"s":"AAPL","t":1665169621026,"v":66},{"c":null,"p":19479.14,"s":"BINANCE:BTCUSDT","t":1665169621600,"v":0.02591},{"c":["1","8","12"],"p":118.95,"s":"IBM","t":1665169621030,"v":33},{"c":["1","8"],"p":118.95,"s":"IBM","t":1665169621030,"v":100},{"c":["1"],"p":118.96,"s":"IBM","t":1665169621030,"v":200},{"c":["1"],"p":118.96,"s":"IBM","t":1665169621031,"v":100},{"c":["1","8","12"],"p":140.47,"s":"AAPL","t":1665169621034,"v":26}],"type":"trade"}

{"data":[{"c":["1","8"],"p":140.47,"s":"AAPL","t":1665169621036,"v":100},{"c":["1","12"],"p":140.4718,"s":"AAPL","t":1665169621036,"v":1},{"c":["1","12"],"p":140.475,"s":"AAPL","t":1665169621047,"v":6},{"c":["1","12"],"p":140.475,"s":"AAPL","t":1665169621049,"v":12},{"c":["1"],"p":140.47,"s":"AAPL","t":1665169621065,"v":100},{"c":["1"],"p":140.47,"s":"AAPL","t":1665169621124,"v":697},{"c":["1","12"],"p":118.96,"s":"IBM","t":1665169621128,"v":1},{"c":null,"p":19477.96,"s":"BINANCE:BTCUSDT","t":1665169621059,"v":0.1},{"c":null,"p":19477.97,"s":"BINANCE:BTCUSDT","t":1665169621059,"v":0.00334},{"c":null,"p":19477.99,"s":"BINANCE:BTCUSDT","t":1665169621059,"v":0.14305}],"type":"trade"}

{"data":[{"c":["1","12"],"p":140.48,"s":"AAPL","t":1665169621229,"v":19},{"c":["1","12"],"p":140.48,"s":"AAPL","t":1665169621229,"v":37},{"c":["1","12"],"p":140.48,"s":"AAPL","t":1665169621229,"v":7},{"c":["1"],"p":140.48,"s":"AAPL","t":1665169621229,"v":100},{"c":["1"],"p":140.48,"s":"AAPL","t":1665169621229,"v":100},{"c":["1"],"p":140.48,"s":"AAPL","t":1665169621229,"v":200},{"c":["1","12"],"p":140.48,"s":"AAPL","t":1665169621229,"v":3},{"c":["1","12"],"p":140.48,"s":"AAPL","t":1665169621229,"v":8},{"c":["1"],"p":140.48,"s":"AAPL","t":1665169621231,"v":121},{"c":["1","12"],"p":140.48,"s":"AAPL","t":1665169621231,"v":1}],"type":"trade"}

{"data":[{"c":["1","12"],"p":140.48,"s":"AAPL","t":1665169621231,"v":25},{"c":["1","12"],"p":140.48,"s":"AAPL","t":1665169621231,"v":4},{"c":["1"],"p":140.48,"s":"AAPL","t":1665169621230,"v":1000},{"c":["1","12"],"p":140.48,"s":"AAPL","t":1665169621233,"v":40},{"c":["1","12"],"p":140.48,"s":"AAPL","t":1665169621233,"v":50},{"c":["1","12"],"p":140.48,"s":"AAPL","t":1665169621233,"v":10},{"c":["1","12"],"p":140.485,"s":"AAPL","t":1665169621236,"v":6},{"c":["1","12"],"p":140.485,"s":"AAPL","t":1665169621236,"v":6},{"c":["1","12"],"p":140.48,"s":"AAPL","t":1665169621238,"v":20},{"c":["1"],"p":140.48,"s":"AAPL","t":1665169621238,"v":134}],"type":"trade"}

{"data":[{"c":["1","12"],"p":140.48,"s":"AAPL","t":1665169621239,"v":94},{"c":["1","12"],"p":140.48,"s":"AAPL","t":1665169621240,"v":15},{"c":["1"],"p":140.48,"s":"AAPL","t":1665169621240,"v":145},{"c":["1"],"p":140.48,"s":"AAPL","t":1665169621240,"v":166},{"c":["1"],"p":140.48,"s":"AAPL","t":1665169621239,"v":100},{"c":["1"],"p":140.48,"s":"AAPL","t":1665169621242,"v":143},{"c":["1","12"],"p":140.48,"s":"AAPL","t":1665169621242,"v":1},{"c":["1","12"],"p":140.48,"s":"AAPL","t":1665169621242,"v":1},{"c":["1","12"],"p":140.48,"s":"AAPL","t":1665169621242,"v":1},{"c":["1","12"],"p":140.48,"s":"AAPL","t":1665169621242,"v":1}],"type":"trade"}

{"data":[{"c":["1","12"],"p":140.4793,"s":"AAPL","t":1665169622068,"v":4},{"c":["1","12"],"p":140.4788,"s":"AAPL","t":1665169622055,"v":1},{"c":null,"p":19480.93,"s":"BINANCE:BTCUSDT","t":1665169622028,"v":0.00169},{"c":null,"p":19479.67,"s":"BINANCE:BTCUSDT","t":1665169622068,"v":0.02},{"c":null,"p":19479.66,"s":"BINANCE:BTCUSDT","t":1665169622068,"v":0.0026},{"c":null,"p":19479.82,"s":"BINANCE:BTCUSDT","t":1665169622104,"v":0.00837},{"c":null,"p":19479.81,"s":"BINANCE:BTCUSDT","t":1665169622104,"v":0.07207},{"c":null,"p":19479.81,"s":"BINANCE:BTCUSDT","t":1665169622104,"v":0.01283},{"c":null,"p":19479.8,"s":"BINANCE:BTCUSDT","t":1665169622104,"v":0.02},{"c":null,"p":19479.67,"s":"BINANCE:BTCUSDT","t":1665169622104,"v":0.02}],"type":"trade"}

{"data":[{"c":["1","30"],"p":140.475,"s":"AAPL","t":1665169622424,"v":450},{"c":null,"p":19479.28,"s":"BINANCE:BTCUSDT","t":1665169622371,"v":0.00514},{"c":null,"p":19479.23,"s":"BINANCE:BTCUSDT","t":1665169622371,"v":0.00015},{"c":null,"p":19480.39,"s":"BINANCE:BTCUSDT","t":1665169622385,"v":0.0053},{"c":null,"p":19480.39,"s":"BINANCE:BTCUSDT","t":1665169622385,"v":0.0101},{"c":null,"p":19479.29,"s":"BINANCE:BTCUSDT","t":1665169622424,"v":0.00264},{"c":["1","12"],"p":140.475,"s":"AAPL","t":1665169622514,"v":10},{"c":["1","12"],"p":140.4788,"s":"AAPL","t":1665169622566,"v":1},{"c":["1","12"],"p":140.475,"s":"AAPL","t":1665169622389,"v":1},{"c":null,"p":0.973465,"s":"IC MARKETS:1","t":1665169622315,"v":0}],"type":"trade"}

{"data":[{"c":["1","12"],"p":140.47,"s":"AAPL","t":1665169622955,"v":26},{"c":["1"],"p":140.47,"s":"AAPL","t":1665169622955,"v":100},{"c":["1"],"p":140.47,"s":"AAPL","t":1665169622955,"v":100},{"c":["1"],"p":140.47,"s":"AAPL","t":1665169622955,"v":100},{"c":["1","12"],"p":140.47,"s":"AAPL","t":1665169622955,"v":1},{"c":["1","12"],"p":140.47,"s":"AAPL","t":1665169622955,"v":1},{"c":["1","12"],"p":140.47,"s":"AAPL","t":1665169622955,"v":1},{"c":["1","12"],"p":140.47,"s":"AAPL","t":1665169622955,"v":1},{"c":["1","12"],"p":140.47,"s":"AAPL","t":1665169622956,"v":81},{"c":["1"],"p":140.47,"s":"AAPL","t":1665169622956,"v":100}],"type":"trade"}

{"data":[{"c":["1"],"p":140.47,"s":"AAPL","t":1665169622956,"v":100},{"c":["1"],"p":140.47,"s":"AAPL","t":1665169622956,"v":100},{"c":["1"],"p":140.47,"s":"AAPL","t":1665169622955,"v":100},{"c":["1"],"p":140.47,"s":"AAPL","t":1665169622956,"v":444},{"c":["1"],"p":140.47,"s":"AAPL","t":1665169622955,"v":100},{"c":["1"],"p":118.95,"s":"IBM","t":1665169622971,"v":100},{"c":["1","8","12"],"p":118.95,"s":"IBM","t":1665169622971,"v":9},{"c":["1","12"],"p":118.95,"s":"IBM","t":1665169622971,"v":84},{"c":["1","8","12"],"p":140.47,"s":"AAPL","t":1665169622972,"v":19},{"c":["1","8"],"p":140.47,"s":"AAPL","t":1665169622972,"v":100}],"type":"trade"}

{"data":[{"c":["1","8","12"],"p":140.47,"s":"AAPL","t":1665169622972,"v":15},{"c":["1","12"],"p":140.47,"s":"AAPL","t":1665169622972,"v":50},{"c":["1","12"],"p":140.47,"s":"AAPL","t":1665169622973,"v":50},{"c":["1","12"],"p":140.47,"s":"AAPL","t":1665169622973,"v":50},{"c":["1","12"],"p":140.47,"s":"AAPL","t":1665169622973,"v":50},{"c":["1","12"],"p":140.47,"s":"AAPL","t":1665169622973,"v":60},{"c":["1","8"],"p":140.47,"s":"AAPL","t":1665169622973,"v":100},{"c":null,"p":19479.23,"s":"BINANCE:BTCUSDT","t":1665169622912,"v":0.00165},{"c":null,"p":19479.3,"s":"BINANCE:BTCUSDT","t":1665169623036,"v":0.00516},{"c":null,"p":19479.3,"s":"BINANCE:BTCUSDT","t":1665169623041,"v":0.05335}],"type":"trade"}

{"data":[{"c":["1"],"p":140.475,"s":"AAPL","t":1665169625607,"v":100},{"c":["1"],"p":140.4785,"s":"AAPL","t":1665169625607,"v":732},{"c":["1"],"p":140.4785,"s":"AAPL","t":1665169625607,"v":268},{"c":["1"],"p":140.48,"s":"AAPL","t":1665169625613,"v":942},{"c":["1","30"],"p":140.4799,"s":"AAPL","t":1665169625623,"v":7700},{"c":["1"],"p":140.475,"s":"AAPL","t":1665169625648,"v":100},{"c":["1"],"p":140.475,"s":"AAPL","t":1665169625656,"v":200},{"c":null,"p":0.97345,"s":"IC MARKETS:1","t":1665169624847,"v":0},{"c":["1"],"p":140.4798,"s":"AAPL","t":1665169625698,"v":100},{"c":null,"p":19479.2,"s":"BINANCE:BTCUSDT","t":1665169625651,"v":0.00056}],"type":"trade"}

{"data":[{"c":["1"],"p":140.475,"s":"AAPL","t":1665169625857,"v":500},{"c":["1","12"],"p":140.475,"s":"AAPL","t":1665169625969,"v":10},{"c":null,"p":19478.73,"s":"BINANCE:BTCUSDT","t":1665169626019,"v":0.001},{"c":["1","12"],"p":140.4788,"s":"AAPL","t":1665169626102,"v":1},{"c":["1","12"],"p":140.475,"s":"AAPL","t":1665169626275,"v":1},{"c":["12"],"p":118.95,"s":"IBM","t":1665169625521,"v":1},{"c":null,"p":0.973465,"s":"IC MARKETS:1","t":1665169625977,"v":0},{"c":["12"],"p":140.475,"s":"AAPL","t":1665169625657,"v":57}],"type":"trade"}

{"data":[{"c":["1","12"],"p":140.47,"s":"AAPL","t":1665169626811,"v":10},{"c":["1","12"],"p":140.4788,"s":"AAPL","t":1665169626863,"v":1},{"c":null,"p":19479.65,"s":"BINANCE:BTCUSDT","t":1665169626891,"v":0.00056},{"c":null,"p":19479.65,"s":"BINANCE:BTCUSDT","t":1665169626963,"v":0.00182},{"c":null,"p":19479.66,"s":"BINANCE:BTCUSDT","t":1665169626963,"v":0.00644},{"c":null,"p":19479.75,"s":"BINANCE:BTCUSDT","t":1665169626992,"v":0.00087},{"c":null,"p":19479.75,"s":"BINANCE:BTCUSDT","t":1665169627010,"v":0.00021},{"c":["1","12"],"p":140.475,"s":"AAPL","t":1665169627222,"v":1},{"c":["1"],"p":140.475,"s":"AAPL","t":1665169627229,"v":100},{"c":["1"],"p":140.475,"s":"AAPL","t":1665169627233,"v":200}],"type":"trade"}

{"data":[{"c":["1","8"],"p":140.48,"s":"AAPL","t":1665169627267,"v":100},{"c":["1","8","12"],"p":140.48,"s":"AAPL","t":1665169627267,"v":10},{"c":["1","8","12"],"p":140.48,"s":"AAPL","t":1665169627267,"v":1},{"c":["1","8"],"p":140.48,"s":"AAPL","t":1665169627267,"v":100},{"c":null,"p":19481.22,"s":"BINANCE:BTCUSDT","t":1665169627571,"v":0.02508},{"c":null,"p":19481.21,"s":"BINANCE:BTCUSDT","t":1665169627571,"v":0.05115},{"c":null,"p":19480.94,"s":"BINANCE:BTCUSDT","t":1665169627571,"v":0.48298},{"c":null,"p":19480.94,"s":"BINANCE:BTCUSDT","t":1665169627571,"v":0.21441},{"c":null,"p":19480.94,"s":"BINANCE:BTCUSDT","t":1665169627571,"v":0.06312},{"c":null,"p":19480.93,"s":"BINANCE:BTCUSDT","t":1665169627571,"v":0.25605}],"type":"trade"}

{"data":[{"c":["1"],"p":140.49,"s":"AAPL","t":1665169627274,"v":100},{"c":["1","8","12"],"p":140.5,"s":"AAPL","t":1665169627332,"v":1},{"c":["1","8"],"p":118.96,"s":"IBM","t":1665169627341,"v":300},{"c":["1","8","12"],"p":140.5,"s":"AAPL","t":1665169627341,"v":15},{"c":["1"],"p":118.96,"s":"IBM","t":1665169627341,"v":100},{"c":["1","8"],"p":140.5,"s":"AAPL","t":1665169627341,"v":150},{"c":["1","8","12"],"p":118.96,"s":"IBM","t":1665169627341,"v":1},{"c":["1","8"],"p":140.5,"s":"AAPL","t":1665169627341,"v":1000},{"c":["1","12"],"p":140.475,"s":"AAPL","t":1665169627187,"v":1},{"c":null,"p":19479.79,"s":"BINANCE:BTCUSDT","t":1665169627331,"v":0.31374}],"type":"trade"}

{"data":[{"c":["1","12"],"p":140.505,"s":"AAPL","t":1665169627478,"v":30},{"c":null,"p":19482.53,"s":"BINANCE:BTCUSDT","t":1665169627412,"v":0.1},{"c":null,"p":19482.61,"s":"BINANCE:BTCUSDT","t":1665169627412,"v":0.0006},{"c":null,"p":19482.72,"s":"BINANCE:BTCUSDT","t":1665169627412,"v":0.27333},{"c":null,"p":19482.72,"s":"BINANCE:BTCUSDT","t":1665169627414,"v":0.09332},{"c":null,"p":19482.9,"s":"BINANCE:BTCUSDT","t":1665169627426,"v":0.00888},{"c":null,"p":19482.98,"s":"BINANCE:BTCUSDT","t":1665169627426,"v":0.2},{"c":null,"p":19483,"s":"BINANCE:BTCUSDT","t":1665169627426,"v":0.01362},{"c":null,"p":19482.92,"s":"BINANCE:BTCUSDT","t":1665169627433,"v":0.005},{"c":null,"p":19483,"s":"BINANCE:BTCUSDT","t":1665169627433,"v":0.00897}],"type":"trade"}

{"data":[{"c":["1"],"p":140.5,"s":"AAPL","t":1665169628756,"v":100},{"c":["1"],"p":140.5,"s":"AAPL","t":1665169628756,"v":100},{"c":["1"],"p":140.5,"s":"AAPL","t":1665169628756,"v":200},{"c":["1","12"],"p":140.5,"s":"AAPL","t":1665169628756,"v":1},{"c":["1","12"],"p":140.5,"s":"AAPL","t":1665169628756,"v":1},{"c":["1","12"],"p":140.5,"s":"AAPL","t":1665169628756,"v":1},{"c":["1","12"],"p":140.5,"s":"AAPL","t":1665169628756,"v":1},{"c":["1","12"],"p":140.5,"s":"AAPL","t":1665169628756,"v":1},{"c":["1"],"p":140.5,"s":"AAPL","t":1665169628756,"v":100},{"c":["1","12"],"p":140.5,"s":"AAPL","t":1665169628756,"v":1}],"type":"trade"}

{"data":[{"c":["1"],"p":140.5,"s":"AAPL","t":1665169628756,"v":100},{"c":["1","8"],"p":140.5,"s":"AAPL","t":1665169628756,"v":178},{"c":["1","8"],"p":140.5,"s":"AAPL","t":1665169628756,"v":100},{"c":["1"],"p":140.5,"s":"AAPL","t":1665169628756,"v":100},{"c":["1"],"p":140.5,"s":"AAPL","t":1665169628756,"v":100},{"c":["1"],"p":140.5,"s":"AAPL","t":1665169628756,"v":100},{"c":["1","8"],"p":140.5,"s":"AAPL","t":1665169628756,"v":100},{"c":["1"],"p":140.5,"s":"AAPL","t":1665169628757,"v":319},{"c":["1"],"p":140.5,"s":"AAPL","t":1665169628757,"v":100},{"c":["1"],"p":140.5,"s":"AAPL","t":1665169628757,"v":200}],"type":"trade"}

{"data":[{"c":["1"],"p":140.5,"s":"AAPL","t":1665169628757,"v":100},{"c":["1"],"p":140.5,"s":"AAPL","t":1665169628760,"v":400},{"c":["1"],"p":140.5,"s":"AAPL","t":1665169628761,"v":400},{"c":["1"],"p":140.5,"s":"AAPL","t":1665169628764,"v":200},{"c":["1"],"p":140.5,"s":"AAPL","t":1665169628766,"v":400},{"c":["1"],"p":140.5,"s":"AAPL","t":1665169628769,"v":300},{"c":["1","12"],"p":140.5069,"s":"AAPL","t":1665169628703,"v":25},{"c":null,"p":0.97353,"s":"IC MARKETS:1","t":1665169628531,"v":0},{"c":null,"p":19483.12,"s":"BINANCE:BTCUSDT","t":1665169628651,"v":0.001},{"c":null,"p":19483.33,"s":"BINANCE:BTCUSDT","t":1665169628651,"v":0.00069}],"type":"trade"}

{"data":[{"c":["1","8"],"p":140.5,"s":"AAPL","t":1665169630180,"v":100},{"c":["1","8"],"p":140.5,"s":"AAPL","t":1665169630180,"v":100},{"c":["1","8"],"p":140.5,"s":"AAPL","t":1665169630180,"v":182},{"c":["1","8"],"p":140.5,"s":"AAPL","t":1665169630180,"v":100},{"c":["1","8","12"],"p":140.5,"s":"AAPL","t":1665169630180,"v":1},{"c":["1","8"],"p":140.5,"s":"AAPL","t":1665169630180,"v":100},{"c":["1","8"],"p":140.5,"s":"AAPL","t":1665169630180,"v":100},{"c":["1","12"],"p":140.5,"s":"AAPL","t":1665169630180,"v":1},{"c":["1","12"],"p":140.5,"s":"AAPL","t":1665169630180,"v":1},{"c":["1","12"],"p":140.5,"s":"AAPL","t":1665169630180,"v":1}],"type":"trade"}

{"data":[{"c":["1","12"],"p":140.5,"s":"AAPL","t":1665169630180,"v":1},{"c":["1","12"],"p":140.5,"s":"AAPL","t":1665169630180,"v":1},{"c":["1"],"p":140.5,"s":"AAPL","t":1665169630327,"v":100},{"c":null,"p":19481.39,"s":"BINANCE:BTCUSDT","t":1665169630289,"v":0.00056},{"c":null,"p":19480.01,"s":"BINANCE:BTCUSDT","t":1665169630316,"v":0.0006},{"c":["1","12"],"p":118.97,"s":"IBM","t":1665169630576,"v":5},{"c":["1"],"p":140.495,"s":"AAPL","t":1665169630588,"v":500},{"c":["1","12"],"p":140.495,"s":"AAPL","t":1665169630582,"v":30},{"c":null,"p":19480.26,"s":"BINANCE:BTCUSDT","t":1665169630565,"v":0.00058},{"c":null,"p":0.97346,"s":"IC MARKETS:1","t":1665169630300,"v":0}],"type":"trade"}

{"data":[{"c":["1","12"],"p":140.495,"s":"AAPL","t":1665169633590,"v":1}],"type":"trade"}

{"data":[{"c":["1","8","12"],"p":140.5,"s":"AAPL","t":1665169634634,"v":96},{"c":["1","8"],"p":140.5,"s":"AAPL","t":1665169634634,"v":200},{"c":["1","8"],"p":140.5,"s":"AAPL","t":1665169634634,"v":100},{"c":["1","8"],"p":140.5,"s":"AAPL","t":1665169634634,"v":100},{"c":["1","8"],"p":140.5,"s":"AAPL","t":1665169634634,"v":100},{"c":["1","8"],"p":140.5,"s":"AAPL","t":1665169634634,"v":400},{"c":["1","8"],"p":140.5,"s":"AAPL","t":1665169634634,"v":100},{"c":["1","8"],"p":140.5,"s":"AAPL","t":1665169634634,"v":100},{"c":["1","8"],"p":140.5,"s":"AAPL","t":1665169634634,"v":200},{"c":["1","8"],"p":140.5,"s":"AAPL","t":1665169634634,"v":100}],"type":"trade"}

{"data":[{"c":["1","8","12"],"p":140.5,"s":"AAPL","t":1665169634634,"v":10},{"c":["1","12"],"p":140.51,"s":"AAPL","t":1665169634634,"v":1},{"c":["1","12"],"p":140.5,"s":"AAPL","t":1665169634635,"v":3},{"c":["1","12"],"p":140.51,"s":"AAPL","t":1665169634635,"v":55},{"c":["1","12"],"p":140.51,"s":"AAPL","t":1665169634636,"v":1},{"c":null,"p":19481.1,"s":"BINANCE:BTCUSDT","t":1665169634623,"v":0.00106},{"c":["1"],"p":140.502,"s":"AAPL","t":1665169634690,"v":416},{"c":["1","12"],"p":140.505,"s":"AAPL","t":1665169634731,"v":12},{"c":["1","12"],"p":140.5098,"s":"AAPL","t":1665169634748,"v":1},{"c":null,"p":0.973465,"s":"IC MARKETS:1","t":1665169634104,"v":0}],"type":"trade"}

{"data":[{"c":["1","12"],"p":140.37,"s":"AAPL","t":1665169822243,"v":1},{"c":null,"p":19466.43,"s":"BINANCE:BTCUSDT","t":1665169822173,"v":0.0086},{"c":null,"p":19466.91,"s":"BINANCE:BTCUSDT","t":1665169822188,"v":0.02549},{"c":null,"p":19466.91,"s":"BINANCE:BTCUSDT","t":1665169822197,"v":0.0556},{"c":null,"p":19466.91,"s":"BINANCE:BTCUSDT","t":1665169822207,"v":0.01722},{"c":["1","30"],"p":118.845,"s":"IBM","t":1665169822314,"v":200},{"c":null,"p":19466.45,"s":"BINANCE:BTCUSDT","t":1665169822239,"v":0.0041},{"c":null,"p":19466.46,"s":"BINANCE:BTCUSDT","t":1665169822252,"v":0.00169},{"c":null,"p":19466.94,"s":"BINANCE:BTCUSDT","t":1665169822260,"v":0.00169},{"c":null,"p":19466.47,"s":"BINANCE:BTCUSDT","t":1665169822281,"v":0.0006}],"type":"trade"}

{"data":[{"c":["1","12"],"p":140.365,"s":"AAPL","t":1665169821881,"v":10},{"c":["1","8","12"],"p":140.37,"s":"AAPL","t":1665169822478,"v":3},{"c":null,"p":19466.48,"s":"BINANCE:BTCUSDT","t":1665169822426,"v":0.01},{"c":["1","8","12"],"p":140.37,"s":"AAPL","t":1665169822628,"v":14},{"c":["1","8"],"p":118.85,"s":"IBM","t":1665169822628,"v":100},{"c":["1","8","12"],"p":140.37,"s":"AAPL","t":1665169822628,"v":42},{"c":["1","12"],"p":140.37,"s":"AAPL","t":1665169822628,"v":1},{"c":["1","12"],"p":140.3768,"s":"AAPL","t":1665169822630,"v":14},{"c":["8"],"p":140.37,"s":"AAPL","t":1665169822628,"v":100},{"c":["1"],"p":140.3738,"s":"AAPL","t":1665169822664,"v":307}],"type":"trade"}

{"data":[{"c":["1","8","12"],"p":140.38,"s":"AAPL","t":1665169823093,"v":6},{"c":["1","8"],"p":118.85,"s":"IBM","t":1665169823093,"v":200},{"c":["1","8","12"],"p":118.85,"s":"IBM","t":1665169823093,"v":32},{"c":["1","8"],"p":118.85,"s":"IBM","t":1665169823094,"v":100},{"c":["1"],"p":118.84,"s":"IBM","t":1665169823094,"v":100},{"c":["1"],"p":118.84,"s":"IBM","t":1665169823094,"v":100},{"c":["1"],"p":118.85,"s":"IBM","t":1665169823096,"v":100},{"c":["8"],"p":140.38,"s":"AAPL","t":1665169823093,"v":100},{"c":null,"p":0.973745,"s":"IC MARKETS:1","t":1665169822447,"v":0},{"c":null,"p":19467.19,"s":"BINANCE:BTCUSDT","t":1665169823142,"v":0.00056}],"type":"trade"}

{"data":[{"c":["1","12"],"p":140.37,"s":"AAPL","t":1665169823221,"v":28},{"c":null,"p":19467.19,"s":"BINANCE:BTCUSDT","t":1665169823158,"v":0.01412},{"c":null,"p":19467.19,"s":"BINANCE:BTCUSDT","t":1665169823158,"v":0.00476},{"c":null,"p":19467.25,"s":"BINANCE:BTCUSDT","t":1665169823158,"v":0.00057},{"c":null,"p":19467.26,"s":"BINANCE:BTCUSDT","t":1665169823158,"v":0.00169},{"c":null,"p":19467.4,"s":"BINANCE:BTCUSDT","t":1665169823158,"v":0.01},{"c":null,"p":19467.43,"s":"BINANCE:BTCUSDT","t":1665169823158,"v":0.00056},{"c":null,"p":19467.51,"s":"BINANCE:BTCUSDT","t":1665169823158,"v":0.00648},{"c":["1","12"],"p":140.37,"s":"AAPL","t":1665169822966,"v":1}],"type":"trade"}

{"data":[{"c":["1","12"],"p":140.375,"s":"AAPL","t":1665169823293,"v":40},{"c":["1","30","12"],"p":140.375,"s":"AAPL","t":1665169823424,"v":1},{"c":null,"p":19467.21,"s":"BINANCE:BTCUSDT","t":1665169823419,"v":0.00768},{"c":["1","12"],"p":140.3788,"s":"AAPL","t":1665169823533,"v":1},{"c":["1","12"],"p":140.37,"s":"AAPL","t":1665169823559,"v":9},{"c":null,"p":19467.19,"s":"BINANCE:BTCUSDT","t":1665169823494,"v":0.0006},{"c":null,"p":19466.9,"s":"BINANCE:BTCUSDT","t":1665169823494,"v":0.00004},{"c":["1","12"],"p":140.3788,"s":"AAPL","t":1665169823800,"v":1},{"c":["1","12"],"p":118.86,"s":"IBM","t":1665169823827,"v":1},{"c":["1"],"p":118.85,"s":"IBM","t":1665169823828,"v":100}],"type":"trade"}

{"data":[{"c":["1"],"p":140.3747,"s":"AAPL","t":1665169824343,"v":203},{"c":["1","12"],"p":140.373,"s":"AAPL","t":1665169824400,"v":3},{"c":["1"],"p":140.37,"s":"AAPL","t":1665169824238,"v":100},{"c":null,"p":19467.5,"s":"BINANCE:BTCUSDT","t":1665169824382,"v":0.06182},{"c":["1","12"],"p":118.8591,"s":"IBM","t":1665169824508,"v":20},{"c":null,"p":19468.19,"s":"BINANCE:BTCUSDT","t":1665169824441,"v":0.00056},{"c":null,"p":19468.19,"s":"BINANCE:BTCUSDT","t":1665169824441,"v":0.00056},{"c":null,"p":19468.24,"s":"BINANCE:BTCUSDT","t":1665169824441,"v":0.00056},{"c":null,"p":19468.25,"s":"BINANCE:BTCUSDT","t":1665169824441,"v":0.00192},{"c":null,"p":19468.26,"s":"BINANCE:BTCUSDT","t":1665169824441,"v":0.04464}],"type":"trade"}

{"data":[{"c":["1"],"p":140.37,"s":"AAPL","t":1665169825818,"v":150},{"c":null,"p":19467.5,"s":"BINANCE:BTCUSDT","t":1665169825781,"v":0.00499},{"c":["1"],"p":118.855,"s":"IBM","t":1665169825864,"v":100},{"c":null,"p":19468.23,"s":"BINANCE:BTCUSDT","t":1665169825870,"v":0.00056},{"c":null,"p":19467.5,"s":"BINANCE:BTCUSDT","t":1665169825888,"v":0.00501},{"c":["1"],"p":118.855,"s":"IBM","t":1665169826013,"v":100},{"c":null,"p":19467.49,"s":"BINANCE:BTCUSDT","t":1665169826010,"v":0.00068},{"c":["1","12"],"p":140.3703,"s":"AAPL","t":1665169826140,"v":2},{"c":["1"],"p":140.3705,"s":"AAPL","t":1665169826146,"v":696},{"c":["1","12"],"p":140.375,"s":"AAPL","t":1665169826186,"v":1}],"type":"trade"}

{"data":[{"c":["1"],"p":140.37,"s":"AAPL","t":1665169826428,"v":100},{"c":["1","8"],"p":140.37,"s":"AAPL","t":1665169826428,"v":100},{"c":["1","8","12"],"p":140.37,"s":"AAPL","t":1665169826428,"v":5},{"c":["1","12"],"p":140.37,"s":"AAPL","t":1665169826428,"v":1},{"c":["1","12"],"p":140.37,"s":"AAPL","t":1665169826428,"v":1},{"c":["1","12"],"p":140.37,"s":"AAPL","t":1665169826428,"v":1},{"c":null,"p":19467.97,"s":"BINANCE:BTCUSDT","t":1665169826379,"v":0.0008},{"c":null,"p":19467.48,"s":"BINANCE:BTCUSDT","t":1665169826502,"v":0.01},{"c":["1","12"],"p":118.85,"s":"IBM","t":1665169826598,"v":8},{"c":["1","8","12"],"p":140.37,"s":"AAPL","t":1665169826669,"v":1}],"type":"trade"}

{"data":[{"c":["1","12"],"p":140.37,"s":"AAPL","t":1665169826685,"v":2},{"c":null,"p":19468.17,"s":"BINANCE:BTCUSDT","t":1665169826622,"v":0.00056},{"c":["1","12"],"p":140.37,"s":"AAPL","t":1665169826741,"v":23},{"c":["1","12"],"p":140.37,"s":"AAPL","t":1665169826752,"v":7},{"c":["1"],"p":140.37,"s":"AAPL","t":1665169827217,"v":300},{"c":null,"p":19467.52,"s":"BINANCE:BTCUSDT","t":1665169826756,"v":0.00377},{"c":["1","12"],"p":140.37,"s":"AAPL","t":1665169826828,"v":18},{"c":["1","12"],"p":140.371,"s":"AAPL","t":1665169827244,"v":2},{"c":["1","12"],"p":140.375,"s":"AAPL","t":1665169827257,"v":11},{"c":null,"p":19467.52,"s":"BINANCE:BTCUSDT","t":1665169826795,"v":0.01623}],"type":"trade"}

{"data":[{"c":["1"],"p":140.38,"s":"AAPL","t":1665169828508,"v":121},{"c":["1","8"],"p":140.38,"s":"AAPL","t":1665169828508,"v":153},{"c":["1","8"],"p":140.38,"s":"AAPL","t":1665169828508,"v":270},{"c":["1","8"],"p":140.38,"s":"AAPL","t":1665169828508,"v":300},{"c":["1","8","12"],"p":140.38,"s":"AAPL","t":1665169828508,"v":69},{"c":["1","8"],"p":140.38,"s":"AAPL","t":1665169828508,"v":100},{"c":["1","8"],"p":140.38,"s":"AAPL","t":1665169828508,"v":200},{"c":["1","8"],"p":140.38,"s":"AAPL","t":1665169828508,"v":800},{"c":["1","8"],"p":140.38,"s":"AAPL","t":1665169828508,"v":168},{"c":["1","8","12"],"p":118.86,"s":"IBM","t":1665169828508,"v":1}],"type":"trade"}

{"data":[{"c":["1","12"],"p":140.38,"s":"AAPL","t":1665169828508,"v":1},{"c":["1","8","12"],"p":140.38,"s":"AAPL","t":1665169828508,"v":16},{"c":["1","8"],"p":140.38,"s":"AAPL","t":1665169828508,"v":164},{"c":["1","8","12"],"p":118.86,"s":"IBM","t":1665169828508,"v":2},{"c":["1","8"],"p":140.38,"s":"AAPL","t":1665169828508,"v":200},{"c":["1","8"],"p":140.38,"s":"AAPL","t":1665169828508,"v":187},{"c":["1","8"],"p":140.38,"s":"AAPL","t":1665169828508,"v":300},{"c":["1","8"],"p":140.38,"s":"AAPL","t":1665169828508,"v":300},{"c":["1","8","12"],"p":140.38,"s":"AAPL","t":1665169828508,"v":36},{"c":["1","8"],"p":140.38,"s":"AAPL","t":1665169828508,"v":100}],"type":"trade"}

{"data":[{"c":["1","8","12"],"p":140.38,"s":"AAPL","t":1665169828508,"v":4},{"c":["1","8"],"p":140.38,"s":"AAPL","t":1665169828508,"v":259},{"c":["1","8","12"],"p":140.38,"s":"AAPL","t":1665169828508,"v":20},{"c":["1","8","12"],"p":140.38,"s":"AAPL","t":1665169828508,"v":41},{"c":["1","8"],"p":140.38,"s":"AAPL","t":1665169828508,"v":100},{"c":["1","8"],"p":140.38,"s":"AAPL","t":1665169828508,"v":100},{"c":["1","8"],"p":140.38,"s":"AAPL","t":1665169828508,"v":188},{"c":["1","8","12"],"p":140.38,"s":"AAPL","t":1665169828508,"v":12},{"c":["1","8","12"],"p":118.85,"s":"IBM","t":1665169828508,"v":14},{"c":["1","8"],"p":140.38,"s":"AAPL","t":1665169828508,"v":200}],"type":"trade"}

{"data":[{"c":["1","8","12"],"p":140.38,"s":"AAPL","t":1665169828508,"v":36},{"c":["1","12"],"p":118.86,"s":"IBM","t":1665169828509,"v":1},{"c":["1"],"p":118.86,"s":"IBM","t":1665169828509,"v":100},{"c":["1"],"p":118.86,"s":"IBM","t":1665169828509,"v":100},{"c":["1","12"],"p":118.86,"s":"IBM","t":1665169828509,"v":18},{"c":["1","12"],"p":118.86,"s":"IBM","t":1665169828509,"v":14},{"c":["1"],"p":118.85,"s":"IBM","t":1665169828510,"v":100},{"c":["1"],"p":118.85,"s":"IBM","t":1665169828510,"v":100},{"c":["1","8","12"],"p":140.39,"s":"AAPL","t":1665169828511,"v":3},{"c":["1","8"],"p":140.39,"s":"AAPL","t":1665169828512,"v":100}],"type":"trade"}

{"data":[{"c":["1","8"],"p":140.39,"s":"AAPL","t":1665169828512,"v":200},{"c":["1","8"],"p":140.39,"s":"AAPL","t":1665169828512,"v":100},{"c":["1","12"],"p":140.39,"s":"AAPL","t":1665169828513,"v":6},{"c":["1"],"p":140.385,"s":"AAPL","t":1665169828513,"v":100},{"c":["1","12"],"p":140.39,"s":"AAPL","t":1665169828513,"v":1},{"c":["1","12"],"p":140.38,"s":"AAPL","t":1665169828492,"v":1},{"c":["1","12"],"p":118.855,"s":"IBM","t":1665169828515,"v":5},{"c":["1"],"p":140.385,"s":"AAPL","t":1665169828516,"v":100},{"c":["1"],"p":140.385,"s":"AAPL","t":1665169828516,"v":100},{"c":["1"],"p":140.385,"s":"AAPL","t":1665169828516,"v":100}],"type":"trade"}

{"data":[{"c":["1"],"p":140.385,"s":"AAPL","t":1665169828516,"v":100},{"c":["1","8"],"p":140.38,"s":"AAPL","t":1665169828516,"v":100},{"c":["1"],"p":140.385,"s":"AAPL","t":1665169828516,"v":100},{"c":["1","12"],"p":140.3884,"s":"AAPL","t":1665169828516,"v":1},{"c":["1","8"],"p":140.38,"s":"AAPL","t":1665169828518,"v":200},{"c":["1","8"],"p":140.38,"s":"AAPL","t":1665169828518,"v":100},{"c":["1","8","12"],"p":140.38,"s":"AAPL","t":1665169828518,"v":78},{"c":["1","8"],"p":140.38,"s":"AAPL","t":1665169828518,"v":100},{"c":["1"],"p":118.86,"s":"IBM","t":1665169828518,"v":182},{"c":["1","8"],"p":140.38,"s":"AAPL","t":1665169828519,"v":100}],"type":"trade"}

{"data":[{"c":["1","8"],"p":140.38,"s":"AAPL","t":1665169828519,"v":100},{"c":["1","8"],"p":140.38,"s":"AAPL","t":1665169828519,"v":100},{"c":["1","8"],"p":140.38,"s":"AAPL","t":1665169828519,"v":400},{"c":["1","8"],"p":140.38,"s":"AAPL","t":1665169828518,"v":100},{"c":["1","8"],"p":140.38,"s":"AAPL","t":1665169828519,"v":100},{"c":["1","8","12"],"p":140.38,"s":"AAPL","t":1665169828519,"v":49},{"c":["1","8"],"p":140.38,"s":"AAPL","t":1665169828519,"v":251},{"c":["1","8","12"],"p":140.38,"s":"AAPL","t":1665169828519,"v":1},{"c":["1","8"],"p":140.38,"s":"AAPL","t":1665169828519,"v":100},{"c":["1","8"],"p":140.38,"s":"AAPL","t":1665169828519,"v":400}],"type":"trade"}

{"data":[{"c":["1","8","12"],"p":140.38,"s":"AAPL","t":1665169828519,"v":88},{"c":["1","8"],"p":140.38,"s":"AAPL","t":1665169828519,"v":145},{"c":["1","8"],"p":118.86,"s":"IBM","t":1665169828519,"v":100},{"c":["1"],"p":140.38,"s":"AAPL","t":1665169828518,"v":100},{"c":["1","8"],"p":140.38,"s":"AAPL","t":1665169828520,"v":100},{"c":["1","8"],"p":140.38,"s":"AAPL","t":1665169828520,"v":100},{"c":["1","8"],"p":140.38,"s":"AAPL","t":1665169828520,"v":100},{"c":["1","8"],"p":140.38,"s":"AAPL","t":1665169828521,"v":100},{"c":["1","8","12"],"p":140.38,"s":"AAPL","t":1665169828521,"v":22},{"c":null,"p":19469.32,"s":"BINANCE:BTCUSDT","t":1665169828574,"v":0.03883}],"type":"trade"}

{"data":[{"c":["1","30","12"],"p":140.385,"s":"AAPL","t":1665169828736,"v":10},{"c":null,"p":19469.99,"s":"BINANCE:BTCUSDT","t":1665169828661,"v":0.018},{"c":null,"p":19469.99,"s":"BINANCE:BTCUSDT","t":1665169828661,"v":0.00057},{"c":null,"p":19470,"s":"BINANCE:BTCUSDT","t":1665169828661,"v":0.10838},{"c":null,"p":19470,"s":"BINANCE:BTCUSDT","t":1665169828661,"v":0.01},{"c":null,"p":19470,"s":"BINANCE:BTCUSDT","t":1665169828662,"v":0.65203},{"c":null,"p":19470,"s":"BINANCE:BTCUSDT","t":1665169828662,"v":0.1},{"c":null,"p":19470,"s":"BINANCE:BTCUSDT","t":1665169828662,"v":1.37941},{"c":null,"p":19470,"s":"BINANCE:BTCUSDT","t":1665169828663,"v":0.60414},{"c":null,"p":19470,"s":"BINANCE:BTCUSDT","t":1665169828663,"v":1.10937}],"type":"trade"}

{"data":[{"c":["1","8","12"],"p":140.39,"s":"AAPL","t":1665169828753,"v":15},{"c":["1","8"],"p":140.39,"s":"AAPL","t":1665169828753,"v":285},{"c":["1","8"],"p":140.39,"s":"AAPL","t":1665169828753,"v":172},{"c":["1","8","12"],"p":140.39,"s":"AAPL","t":1665169828753,"v":15},{"c":["1","8"],"p":140.39,"s":"AAPL","t":1665169828753,"v":116},{"c":["1","8"],"p":140.39,"s":"AAPL","t":1665169828754,"v":126},{"c":["1","8","12"],"p":118.87,"s":"IBM","t":1665169828754,"v":11},{"c":null,"p":19470.49,"s":"BINANCE:BTCUSDT","t":1665169828693,"v":0.00053},{"c":["1","8","12"],"p":140.39,"s":"AAPL","t":1665169828754,"v":93},{"c":["1","8","12"],"p":118.87,"s":"IBM","t":1665169828754,"v":3}],"type":"trade"}

{"data":[{"c":["1","12"],"p":140.39,"s":"AAPL","t":1665169828754,"v":94},{"c":["1"],"p":140.39,"s":"AAPL","t":1665169828754,"v":300},{"c":["1","12"],"p":140.39,"s":"AAPL","t":1665169828754,"v":6},{"c":["1","8","12"],"p":140.39,"s":"AAPL","t":1665169828754,"v":32},{"c":["1","8","12"],"p":140.39,"s":"AAPL","t":1665169828755,"v":14},{"c":["1","8","12"],"p":140.39,"s":"AAPL","t":1665169828755,"v":34},{"c":["1"],"p":140.39,"s":"AAPL","t":1665169828755,"v":100},{"c":["1","8","12"],"p":118.87,"s":"IBM","t":1665169828755,"v":34},{"c":null,"p":19470.96,"s":"BINANCE:BTCUSDT","t":1665169828705,"v":0.00659},{"c":["1","8","12"],"p":118.87,"s":"IBM","t":1665169828756,"v":8}],"type":"trade"}

{"data":[{"c":["1","8"],"p":140.39,"s":"AAPL","t":1665169828766,"v":143},{"c":["1","8","12"],"p":140.39,"s":"AAPL","t":1665169828767,"v":57},{"c":["1","12"],"p":140.39,"s":"AAPL","t":1665169828767,"v":33},{"c":null,"p":19471.13,"s":"BINANCE:BTCUSDT","t":1665169828741,"v":0.05115},{"c":null,"p":19471.16,"s":"BINANCE:BTCUSDT","t":1665169828750,"v":0.06117},{"c":null,"p":19471.16,"s":"BINANCE:BTCUSDT","t":1665169828750,"v":0.05019},{"c":null,"p":19471.16,"s":"BINANCE:BTCUSDT","t":1665169828750,"v":0.03883},{"c":null,"p":19470.99,"s":"BINANCE:BTCUSDT","t":1665169828750,"v":0.09981},{"c":["1"],"p":140.39,"s":"AAPL","t":1665169828815,"v":100},{"c":["1","12"],"p":140.39,"s":"AAPL","t":1665169828815,"v":1}],"type":"trade"}

{"data":[{"c":["1","8"],"p":140.39,"s":"AAPL","t":1665169829095,"v":100},{"c":["1","8"],"p":140.39,"s":"AAPL","t":1665169829095,"v":100},{"c":["1","8"],"p":140.4,"s":"AAPL","t":1665169829095,"v":100},{"c":["1","8"],"p":140.39,"s":"AAPL","t":1665169829095,"v":100},{"c":["1","8","12"],"p":140.39,"s":"AAPL","t":1665169829095,"v":42},{"c":["1","8"],"p":140.39,"s":"AAPL","t":1665169829095,"v":100},{"c":["1","8","12"],"p":140.4,"s":"AAPL","t":1665169829099,"v":3},{"c":["1","12"],"p":140.39,"s":"AAPL","t":1665169829096,"v":3},{"c":["1","8"],"p":140.4,"s":"AAPL","t":1665169829110,"v":100},{"c":["1","8","12"],"p":140.4,"s":"AAPL","t":1665169829110,"v":1}],"type":"trade"}

{"data":[{"c":["1","8"],"p":140.4,"s":"AAPL","t":1665169829110,"v":200},{"c":["1","8","12"],"p":140.4,"s":"AAPL","t":1665169829110,"v":4},{"c":["1","8","12"],"p":140.4,"s":"AAPL","t":1665169829110,"v":5},{"c":["1","8"],"p":140.4,"s":"AAPL","t":1665169829110,"v":500},{"c":null,"p":19471.34,"s":"BINANCE:BTCUSDT","t":1665169829066,"v":0.1},{"c":["1","12"],"p":140.41,"s":"AAPL","t":1665169829119,"v":1},{"c":["1","12"],"p":140.41,"s":"AAPL","t":1665169829120,"v":1},{"c":["1"],"p":140.405,"s":"AAPL","t":1665169829137,"v":400},{"c":null,"p":19471.11,"s":"BINANCE:BTCUSDT","t":1665169829162,"v":0.00056},{"c":null,"p":19471.07,"s":"BINANCE:BTCUSDT","t":1665169829170,"v":0.00425}],"type":"trade"}

{"data":[{"c":["1","8"],"p":140.41,"s":"AAPL","t":1665169829398,"v":200},{"c":["1","8"],"p":140.41,"s":"AAPL","t":1665169829398,"v":100},{"c":["1","12"],"p":140.41,"s":"AAPL","t":1665169829399,"v":50},{"c":["1","12"],"p":140.41,"s":"AAPL","t":1665169829399,"v":50},{"c":["1","12"],"p":140.41,"s":"AAPL","t":1665169829408,"v":1},{"c":["1","8","12"],"p":140.41,"s":"AAPL","t":1665169829402,"v":68},{"c":["1","8","12"],"p":140.41,"s":"AAPL","t":1665169829402,"v":32},{"c":["1","8","12"],"p":140.41,"s":"AAPL","t":1665169829402,"v":37},{"c":["1","8"],"p":140.41,"s":"AAPL","t":1665169829402,"v":300},{"c":["1","8","12"],"p":140.41,"s":"AAPL","t":1665169829410,"v":19}],"type":"trade"}

{"data":[{"c":["1","8","12"],"p":140.41,"s":"AAPL","t":1665169829414,"v":20},{"c":["1","8","12"],"p":140.41,"s":"AAPL","t":1665169829414,"v":1},{"c":["1","8","12"],"p":140.41,"s":"AAPL","t":1665169829414,"v":49},{"c":["1","8"],"p":140.42,"s":"AAPL","t":1665169829415,"v":100},{"c":["1","8","12"],"p":140.42,"s":"AAPL","t":1665169829415,"v":8},{"c":["1","8","12"],"p":118.88,"s":"IBM","t":1665169829415,"v":4},{"c":null,"p":19472.07,"s":"BINANCE:BTCUSDT","t":1665169829355,"v":0.1},{"c":null,"p":19472.06,"s":"BINANCE:BTCUSDT","t":1665169829355,"v":0.02401},{"c":null,"p":19472.06,"s":"BINANCE:BTCUSDT","t":1665169829355,"v":0.03198},{"c":null,"p":19472.06,"s":"BINANCE:BTCUSDT","t":1665169829355,"v":0.2}],"type":"trade"}

{"data":[{"c":["1","8"],"p":140.42,"s":"AAPL","t":1665169829418,"v":100},{"c":["1"],"p":140.42,"s":"AAPL","t":1665169829419,"v":150},{"c":["1","12"],"p":140.42,"s":"AAPL","t":1665169829419,"v":50},{"c":["1","12"],"p":140.42,"s":"AAPL","t":1665169829419,"v":50},{"c":null,"p":19473.55,"s":"BINANCE:BTCUSDT","t":1665169829377,"v":0.03956},{"c":["1","12"],"p":140.41,"s":"AAPL","t":1665169829419,"v":49},{"c":["1","12"],"p":140.42,"s":"AAPL","t":1665169829422,"v":6},{"c":["1","12"],"p":140.42,"s":"AAPL","t":1665169829428,"v":38},{"c":["1"],"p":140.42,"s":"AAPL","t":1665169829428,"v":100},{"c":["1","12"],"p":140.42,"s":"AAPL","t":1665169829428,"v":10}],"type":"trade"}

{"data":[{"c":["1","12"],"p":140.42,"s":"AAPL","t":1665169829428,"v":10},{"c":["1"],"p":140.42,"s":"AAPL","t":1665169829428,"v":100},{"c":["1","12"],"p":140.42,"s":"AAPL","t":1665169829434,"v":10},{"c":["1","12"],"p":140.42,"s":"AAPL","t":1665169829434,"v":80},{"c":["1"],"p":140.42,"s":"AAPL","t":1665169829434,"v":262},{"c":["1"],"p":140.42,"s":"AAPL","t":1665169829434,"v":100},{"c":["1"],"p":140.415,"s":"AAPL","t":1665169829440,"v":100},{"c":["1"],"p":140.41,"s":"AAPL","t":1665169829441,"v":100},{"c":["1","8"],"p":140.41,"s":"AAPL","t":1665169829442,"v":100},{"c":["1","8"],"p":140.41,"s":"AAPL","t":1665169829442,"v":100}],"type":"trade"}

{"data":[{"c":["1","8"],"p":140.41,"s":"AAPL","t":1665169829442,"v":100},{"c":["1","8"],"p":140.41,"s":"AAPL","t":1665169829442,"v":100},{"c":["1","8"],"p":140.41,"s":"AAPL","t":1665169829442,"v":100},{"c":["1","8"],"p":140.41,"s":"AAPL","t":1665169829442,"v":163},{"c":["1","8","12"],"p":140.41,"s":"AAPL","t":1665169829445,"v":88},{"c":["1"],"p":140.42,"s":"AAPL","t":1665169829492,"v":1200},{"c":null,"p":19473.57,"s":"BINANCE:BTCUSDT","t":1665169829479,"v":0.06044},{"c":null,"p":19473.57,"s":"BINANCE:BTCUSDT","t":1665169829479,"v":0.0006},{"c":null,"p":19473.58,"s":"BINANCE:BTCUSDT","t":1665169829483,"v":0.00056},{"c":null,"p":19473.62,"s":"BINANCE:BTCUSDT","t":1665169829483,"v":0.00056}],"type":"trade"}

{"data":[{"c":["1","8","12"],"p":140.42,"s":"AAPL","t":1665169829798,"v":1},{"c":["1","8"],"p":140.42,"s":"AAPL","t":1665169829798,"v":100}],"type":"trade"}

{"data":[{"c":["1","8"],"p":140.44,"s":"AAPL","t":1665169830644,"v":100},{"c":["1","8","12"],"p":140.44,"s":"AAPL","t":1665169830644,"v":1},{"c":["1","8"],"p":140.44,"s":"AAPL","t":1665169830644,"v":100},{"c":["1","8"],"p":140.44,"s":"AAPL","t":1665169830644,"v":100},{"c":["1","8"],"p":140.44,"s":"AAPL","t":1665169830644,"v":100},{"c":["1","8"],"p":140.44,"s":"AAPL","t":1665169830644,"v":100},{"c":null,"p":19475.97,"s":"BINANCE:BTCUSDT","t":1665169830596,"v":0.00154},{"c":null,"p":19475.93,"s":"BINANCE:BTCUSDT","t":1665169830596,"v":0.00773},{"c":null,"p":19475.05,"s":"BINANCE:BTCUSDT","t":1665169830596,"v":0.00365},{"c":["1","8","12"],"p":140.44,"s":"AAPL","t":1665169830043,"v":8}],"type":"trade"}

{"data":[{"c":["1","12"],"p":140.43,"s":"AAPL","t":1665169829823,"v":73},{"c":["1","12"],"p":140.43,"s":"AAPL","t":1665169829823,"v":24},{"c":null,"p":19474.22,"s":"BINANCE:BTCUSDT","t":1665169830822,"v":0.01},{"c":null,"p":19474.19,"s":"BINANCE:BTCUSDT","t":1665169830823,"v":0.00056},{"c":null,"p":19474.09,"s":"BINANCE:BTCUSDT","t":1665169830823,"v":0.01166},{"c":null,"p":19474.08,"s":"BINANCE:BTCUSDT","t":1665169830823,"v":0.03811},{"c":null,"p":19474.08,"s":"BINANCE:BTCUSDT","t":1665169830823,"v":0.06481},{"c":null,"p":19474.08,"s":"BINANCE:BTCUSDT","t":1665169830823,"v":0.05532},{"c":null,"p":19474.07,"s":"BINANCE:BTCUSDT","t":1665169830823,"v":0.06075},{"c":null,"p":19473.98,"s":"BINANCE:BTCUSDT","t":1665169830823,"v":0.02137}],"type":"trade"}

{"data":[{"c":["1"],"p":140.4399,"s":"AAPL","t":1665169829946,"v":400},{"c":null,"p":19475.4,"s":"BINANCE:BTCUSDT","t":1665169829900,"v":0.00169},{"c":null,"p":19474.46,"s":"BINANCE:BTCUSDT","t":1665169829900,"v":0.00148},{"c":["1"],"p":140.435,"s":"AAPL","t":1665169829984,"v":300},{"c":null,"p":19474.47,"s":"BINANCE:BTCUSDT","t":1665169829916,"v":0.00169},{"c":["1","12"],"p":140.43,"s":"AAPL","t":1665169829987,"v":2},{"c":["1","8"],"p":140.45,"s":"AAPL","t":1665169830173,"v":100},{"c":["1","12"],"p":140.44,"s":"AAPL","t":1665169829987,"v":1},{"c":["1","8"],"p":140.45,"s":"AAPL","t":1665169830173,"v":200},{"c":["1","8"],"p":140.44,"s":"AAPL","t":1665169829987,"v":100}],"type":"trade"}

{"data":[{"c":["1"],"p":140.44,"s":"AAPL","t":1665169829994,"v":400},{"c":["1"],"p":140.44,"s":"AAPL","t":1665169829994,"v":100},{"c":["1","12"],"p":140.44,"s":"AAPL","t":1665169829993,"v":35},{"c":["1","8","12"],"p":118.9,"s":"IBM","t":1665169830191,"v":5},{"c":["1","8","12"],"p":118.9,"s":"IBM","t":1665169830191,"v":16},{"c":["1","8","12"],"p":118.9,"s":"IBM","t":1665169830191,"v":16},{"c":null,"p":19474.47,"s":"BINANCE:BTCUSDT","t":1665169829945,"v":0.03051},{"c":["1"],"p":118.885,"s":"IBM","t":1665169829988,"v":400},{"c":["1"],"p":140.4364,"s":"AAPL","t":1665169831066,"v":1000},{"c":["1","12"],"p":140.4318,"s":"AAPL","t":1665169831068,"v":10}],"type":"trade"}

{"data":[{"c":["1"],"p":140.43,"s":"AAPL","t":1665169831512,"v":100},{"c":["1","8"],"p":140.43,"s":"AAPL","t":1665169831512,"v":100},{"c":["1","8"],"p":140.43,"s":"AAPL","t":1665169831512,"v":200},{"c":["1"],"p":140.43,"s":"AAPL","t":1665169831512,"v":100},{"c":["1"],"p":140.43,"s":"AAPL","t":1665169831512,"v":100},{"c":["1"],"p":140.43,"s":"AAPL","t":1665169831512,"v":100},{"c":["1","12"],"p":140.43,"s":"AAPL","t":1665169831512,"v":1},{"c":["1"],"p":140.43,"s":"AAPL","t":1665169831513,"v":100},{"c":["1","12"],"p":140.43,"s":"AAPL","t":1665169831514,"v":99},{"c":["1","8"],"p":140.43,"s":"AAPL","t":1665169831514,"v":200}],"type":"trade"}

{"data":[{"c":["1","8"],"p":140.43,"s":"AAPL","t":1665169831594,"v":100},{"c":null,"p":19474.53,"s":"BINANCE:BTCUSDT","t":1665169831522,"v":0.00056},{"c":null,"p":19474.52,"s":"BINANCE:BTCUSDT","t":1665169831584,"v":0.06044},{"c":null,"p":19474.53,"s":"BINANCE:BTCUSDT","t":1665169831584,"v":0.0383},{"c":null,"p":19474.55,"s":"BINANCE:BTCUSDT","t":1665169831584,"v":0.02},{"c":null,"p":19474.55,"s":"BINANCE:BTCUSDT","t":1665169831584,"v":0.01872},{"c":null,"p":19474.3,"s":"BINANCE:BTCUSDT","t":1665169831603,"v":0.03099},{"c":null,"p":19474.54,"s":"BINANCE:BTCUSDT","t":1665169831619,"v":0.0015},{"c":null,"p":19474.54,"s":"BINANCE:BTCUSDT","t":1665169831620,"v":0.027},{"c":null,"p":19474.3,"s":"BINANCE:BTCUSDT","t":1665169831642,"v":0.01009}],"type":"trade"}

{"data":[{"c":["1","12"],"p":140.4275,"s":"AAPL","t":1665169831876,"v":10},{"c":null,"p":19474.5,"s":"BINANCE:BTCUSDT","t":1665169831996,"v":0.00153},{"c":null,"p":19474.55,"s":"BINANCE:BTCUSDT","t":1665169831996,"v":0.00128},{"c":null,"p":19474.79,"s":"BINANCE:BTCUSDT","t":1665169831996,"v":0.00169},{"c":null,"p":19474.81,"s":"BINANCE:BTCUSDT","t":1665169831996,"v":0.00169},{"c":null,"p":19474.86,"s":"BINANCE:BTCUSDT","t":1665169831996,"v":0.02461},{"c":["1","12"],"p":140.4275,"s":"AAPL","t":1665169831888,"v":1},{"c":["1","12"],"p":140.4275,"s":"AAPL","t":1665169831887,"v":20},{"c":["1"],"p":140.425,"s":"AAPL","t":1665169832198,"v":100},{"c":null,"p":19474.87,"s":"BINANCE:BTCUSDT","t":1665169832269,"v":0.00056}],"type":"trade"}

{"data":[{"c":["1","12"],"p":140.425,"s":"AAPL","t":1665169832366,"v":5}],"type":"trade"}

{"data":[{"c":["1"],"p":140.425,"s":"AAPL","t":1665169832435,"v":300},{"c":null,"p":19474.86,"s":"BINANCE:BTCUSDT","t":1665169832408,"v":0.03522},{"c":null,"p":19474.84,"s":"BINANCE:BTCUSDT","t":1665169832433,"v":0.03892},{"c":null,"p":19474.86,"s":"BINANCE:BTCUSDT","t":1665169832472,"v":0.00501},{"c":["1","12"],"p":140.425,"s":"AAPL","t":1665169832549,"v":9},{"c":null,"p":19474.86,"s":"BINANCE:BTCUSDT","t":1665169832481,"v":0.00262},{"c":null,"p":19474.87,"s":"BINANCE:BTCUSDT","t":1665169832536,"v":0.00147},{"c":null,"p":19474.87,"s":"BINANCE:BTCUSDT","t":1665169832541,"v":0.00256},{"c":["1","12"],"p":140.4288,"s":"AAPL","t":1665169832647,"v":1},{"c":["1"],"p":140.43,"s":"AAPL","t":1665169832673,"v":164}],"type":"trade"}

{"data":[{"c":["1","12"],"p":140.43,"s":"AAPL","t":1665169832778,"v":90},{"c":["1","12"],"p":140.425,"s":"AAPL","t":1665169832822,"v":2},{"c":null,"p":19474.86,"s":"BINANCE:BTCUSDT","t":1665169832781,"v":0.00501},{"c":["8"],"p":140.41,"s":"AAPL","t":1665169829442,"v":100},{"c":null,"p":19474.84,"s":"BINANCE:BTCUSDT","t":1665169832781,"v":0.00907},{"c":null,"p":19473.88,"s":"BINANCE:BTCUSDT","t":1665169832781,"v":0.00062},{"c":null,"p":19473.88,"s":"BINANCE:BTCUSDT","t":1665169832784,"v":0.00062},{"c":null,"p":19474.14,"s":"BINANCE:BTCUSDT","t":1665169832801,"v":0.00062},{"c":null,"p":19474.87,"s":"BINANCE:BTCUSDT","t":1665169832856,"v":0.00056},{"c":["1","12"],"p":140.425,"s":"AAPL","t":1665169832940,"v":10}],"type":"trade"}

{"data":[{"c":["1","12"],"p":140.425,"s":"AAPL","t":1665169832775,"v":19},{"c":["1"],"p":140.428,"s":"AAPL","t":1665169832977,"v":100},{"c":["1","12"],"p":140.428,"s":"AAPL","t":1665169832996,"v":2},{"c":null,"p":19474.87,"s":"BINANCE:BTCUSDT","t":1665169832958,"v":0.1207},{"c":null,"p":19474.87,"s":"BINANCE:BTCUSDT","t":1665169832958,"v":0.05268},{"c":null,"p":19475.35,"s":"BINANCE:BTCUSDT","t":1665169832958,"v":0.0059},{"c":null,"p":19475.47,"s":"BINANCE:BTCUSDT","t":1665169832958,"v":0.00057},{"c":null,"p":19475.48,"s":"BINANCE:BTCUSDT","t":1665169832958,"v":0.01811},{"c":null,"p":19475.34,"s":"BINANCE:BTCUSDT","t":1665169833043,"v":0.04758},{"c":null,"p":0.97379,"s":"IC MARKETS:1","t":1665169832080,"v":0}],"type":"trade"}

{"data":[{"c":["1","8"],"p":140.43,"s":"AAPL","t":1665169833117,"v":173},{"c":["1","8"],"p":140.43,"s":"AAPL","t":1665169833117,"v":165},{"c":["1","8","12"],"p":140.43,"s":"AAPL","t":1665169833117,"v":34},{"c":["1","12"],"p":140.43,"s":"AAPL","t":1665169833121,"v":76},{"c":null,"p":0.9738,"s":"IC MARKETS:1","t":1665169832547,"v":0},{"c":["1","8"],"p":140.43,"s":"AAPL","t":1665169833133,"v":300},{"c":["1","8"],"p":140.43,"s":"AAPL","t":1665169833133,"v":100},{"c":["1"],"p":140.43,"s":"AAPL","t":1665169833133,"v":562},{"c":["1"],"p":140.43,"s":"AAPL","t":1665169833133,"v":100},{"c":null,"p":0.97379,"s":"IC MARKETS:1","t":1665169832885,"v":0}],"type":"trade"}

{"data":[{"c":["1","12"],"p":140.4398,"s":"AAPL","t":1665169833571,"v":50},{"c":null,"p":19475.23,"s":"BINANCE:BTCUSDT","t":1665169833562,"v":0.00061},{"c":null,"p":19475.22,"s":"BINANCE:BTCUSDT","t":1665169833590,"v":0.00056},{"c":null,"p":19474.18,"s":"BINANCE:BTCUSDT","t":1665169833643,"v":0.00641},{"c":["1","12"],"p":118.8976,"s":"IBM","t":1665169833726,"v":2},{"c":["1","8"],"p":140.43,"s":"AAPL","t":1665169833776,"v":100},{"c":["1"],"p":140.43,"s":"AAPL","t":1665169833778,"v":328},{"c":["1","12"],"p":140.435,"s":"AAPL","t":1665169833779,"v":86},{"c":["1"],"p":140.43,"s":"AAPL","t":1665169833850,"v":100},{"c":["8"],"p":140.42,"s":"AAPL","t":1665169829799,"v":100}],"type":"trade"}

{"data":[{"c":["1","8"],"p":140.44,"s":"AAPL","t":1665169834390,"v":100},{"c":["1","8"],"p":140.44,"s":"AAPL","t":1665169834403,"v":100},{"c":null,"p":19476.72,"s":"BINANCE:BTCUSDT","t":1665169834453,"v":0.02},{"c":null,"p":19476.7,"s":"BINANCE:BTCUSDT","t":1665169834453,"v":0.05019},{"c":null,"p":19476.72,"s":"BINANCE:BTCUSDT","t":1665169834457,"v":0.02},{"c":null,"p":19476.71,"s":"BINANCE:BTCUSDT","t":1665169834462,"v":0.00958},{"c":null,"p":19476.72,"s":"BINANCE:BTCUSDT","t":1665169834462,"v":0.01042},{"c":null,"p":19476.72,"s":"BINANCE:BTCUSDT","t":1665169834464,"v":0.20627},{"c":null,"p":19476.81,"s":"BINANCE:BTCUSDT","t":1665169834464,"v":0.1},{"c":null,"p":19476.89,"s":"BINANCE:BTCUSDT","t":1665169834464,"v":0.00773}],"type":"trade"}

{"data":[{"c":["1","12"],"p":140.45,"s":"AAPL","t":1665169834589,"v":1},{"c":null,"p":19474.16,"s":"BINANCE:BTCUSDT","t":1665169834378,"v":0.00544}],"type":"trade"}

{"data":[{"c":["1","8"],"p":140.45,"s":"AAPL","t":1665169835002,"v":100},{"c":["1","8","12"],"p":140.45,"s":"AAPL","t":1665169835002,"v":26},{"c":["1","8","12"],"p":140.45,"s":"AAPL","t":1665169835002,"v":5},{"c":["1","8","12"],"p":140.45,"s":"AAPL","t":1665169835002,"v":3},{"c":["1","8","12"],"p":140.45,"s":"AAPL","t":1665169835002,"v":25},{"c":["1","8"],"p":140.45,"s":"AAPL","t":1665169835002,"v":500},{"c":["1","8","12"],"p":140.45,"s":"AAPL","t":1665169835002,"v":10},{"c":["1","8"],"p":140.45,"s":"AAPL","t":1665169835002,"v":100},{"c":["1","12"],"p":140.445,"s":"AAPL","t":1665169835084,"v":1},{"c":null,"p":19479.99,"s":"BINANCE:BTCUSDT","t":1665169835249,"v":0.02104}],"type":"trade"}

{"data":[{"c":["1","8","12"],"p":140.45,"s":"AAPL","t":1665169835375,"v":83},{"c":["1","8"],"p":140.45,"s":"AAPL","t":1665169835375,"v":100},{"c":["1","8"],"p":140.45,"s":"AAPL","t":1665169835375,"v":100},{"c":["1","8"],"p":140.44,"s":"AAPL","t":1665169835375,"v":173},{"c":["1","8"],"p":140.44,"s":"AAPL","t":1665169835375,"v":100},{"c":["1","8"],"p":140.45,"s":"AAPL","t":1665169835003,"v":113},{"c":["1","8","12"],"p":118.91,"s":"IBM","t":1665169835375,"v":7},{"c":["1","8"],"p":140.44,"s":"AAPL","t":1665169835375,"v":200},{"c":["1","8"],"p":118.91,"s":"IBM","t":1665169835375,"v":100},{"c":["1","8"],"p":140.44,"s":"AAPL","t":1665169835376,"v":100}],"type":"trade"}

{"data":[{"c":["1","8"],"p":140.44,"s":"AAPL","t":1665169835376,"v":100},{"c":["1","8"],"p":140.44,"s":"AAPL","t":1665169835376,"v":100},{"c":["1","8"],"p":140.44,"s":"AAPL","t":1665169835376,"v":100},{"c":["1","8"],"p":140.44,"s":"AAPL","t":1665169835376,"v":100},{"c":["1","8","12"],"p":140.44,"s":"AAPL","t":1665169835376,"v":3},{"c":["1","8","12"],"p":140.44,"s":"AAPL","t":1665169835376,"v":26},{"c":["1","8"],"p":140.44,"s":"AAPL","t":1665169835376,"v":200},{"c":["1","8","12"],"p":140.44,"s":"AAPL","t":1665169835376,"v":83},{"c":["1","8","12"],"p":140.44,"s":"AAPL","t":1665169835376,"v":17},{"c":["1","8","12"],"p":140.44,"s":"AAPL","t":1665169835376,"v":59}],"type":"trade"}

{"data":[{"c":["1","8"],"p":140.44,"s":"AAPL","t":1665169835376,"v":221},{"c":["1","8","12"],"p":140.44,"s":"AAPL","t":1665169835376,"v":22},{"c":["1","8","12"],"p":118.91,"s":"IBM","t":1665169835376,"v":7},{"c":["1"],"p":118.9,"s":"IBM","t":1665169835002,"v":100},{"c":["1","8","12"],"p":140.46,"s":"AAPL","t":1665169835004,"v":39},{"c":null,"p":19479.58,"s":"BINANCE:BTCUSDT","t":1665169834958,"v":0.00171},{"c":null,"p":19479.73,"s":"BINANCE:BTCUSDT","t":1665169834958,"v":0.04},{"c":null,"p":19479.95,"s":"BINANCE:BTCUSDT","t":1665169834958,"v":0.00153},{"c":null,"p":19479.97,"s":"BINANCE:BTCUSDT","t":1665169834958,"v":0.15468},{"c":null,"p":19479.97,"s":"BINANCE:BTCUSDT","t":1665169834965,"v":0.0172}],"type":"trade"}

{"data":[{"c":["1","8"],"p":140.46,"s":"AAPL","t":1665169835005,"v":100},{"c":["1","12"],"p":118.91,"s":"IBM","t":1665169835378,"v":7},{"c":["1","8"],"p":140.44,"s":"AAPL","t":1665169835376,"v":100},{"c":["1","12"],"p":118.91,"s":"IBM","t":1665169835378,"v":1},{"c":null,"p":19479.57,"s":"BINANCE:BTCUSDT","t":1665169834979,"v":0.00289},{"c":null,"p":19478.81,"s":"BINANCE:BTCUSDT","t":1665169834982,"v":0.00629},{"c":["1","8"],"p":140.43,"s":"AAPL","t":1665169835406,"v":100},{"c":["1","12"],"p":140.46,"s":"AAPL","t":1665169835017,"v":1},{"c":["1","8"],"p":118.9,"s":"IBM","t":1665169835416,"v":100},{"c":["1","12"],"p":118.9,"s":"IBM","t":1665169835416,"v":2}],"type":"trade"}

{"data":[{"c":["1","12"],"p":140.435,"s":"AAPL","t":1665169835586,"v":21}],"type":"trade"}

{"data":[{"c":["1","12"],"p":140.438,"s":"AAPL","t":1665169835584,"v":1},{"c":null,"p":19477.85,"s":"BINANCE:BTCUSDT","t":1665169835529,"v":0.051},{"c":["1"],"p":118.8973,"s":"IBM","t":1665169835606,"v":300},{"c":null,"p":19478.81,"s":"BINANCE:BTCUSDT","t":1665169835109,"v":0.00102},{"c":["1","12"],"p":140.4574,"s":"AAPL","t":1665169835177,"v":50},{"c":null,"p":19479.57,"s":"BINANCE:BTCUSDT","t":1665169835109,"v":0.13091},{"c":null,"p":19478.81,"s":"BINANCE:BTCUSDT","t":1665169835114,"v":0.00665},{"c":null,"p":19479.57,"s":"BINANCE:BTCUSDT","t":1665169835115,"v":0.00289},{"c":null,"p":19479.94,"s":"BINANCE:BTCUSDT","t":1665169835115,"v":0.00837},{"c":null,"p":19479.95,"s":"BINANCE:BTCUSDT","t":1665169835115,"v":0.02693}],"type":"trade"}

{"data":[{"c":["1","12"],"p":140.435,"s":"AAPL","t":1665169835701,"v":25},{"c":null,"p":19478.62,"s":"BINANCE:BTCUSDT","t":1665169835659,"v":0.005},{"c":null,"p":19478.8,"s":"BINANCE:BTCUSDT","t":1665169835699,"v":0.00102},{"c":null,"p":19478.71,"s":"BINANCE:BTCUSDT","t":1665169835771,"v":0.00979},{"c":null,"p":19478.21,"s":"BINANCE:BTCUSDT","t":1665169835777,"v":0.00057},{"c":null,"p":19478.69,"s":"BINANCE:BTCUSDT","t":1665169835861,"v":0.005},{"c":null,"p":19478.68,"s":"BINANCE:BTCUSDT","t":1665169835903,"v":0.0042},{"c":null,"p":19478.68,"s":"BINANCE:BTCUSDT","t":1665169835916,"v":0.0264},{"c":null,"p":19478.39,"s":"BINANCE:BTCUSDT","t":1665169835926,"v":0.01},{"c":["1","12"],"p":140.4401,"s":"AAPL","t":1665169836003,"v":10}],"type":"trade"}

{"data":[{"c":["8"],"p":140.43,"s":"AAPL","t":1665169830089,"v":100},{"c":null,"p":19478.7,"s":"BINANCE:BTCUSDT","t":1665169836563,"v":0.01823},{"c":null,"p":19478.1,"s":"BINANCE:BTCUSDT","t":1665169836577,"v":0.01107},{"c":["1","12"],"p":140.4399,"s":"AAPL","t":1665169836659,"v":1},{"c":["1"],"p":140.4499,"s":"AAPL","t":1665169836076,"v":500},{"c":null,"p":19478.09,"s":"BINANCE:BTCUSDT","t":1665169836090,"v":0.00169},{"c":["1","8"],"p":140.44,"s":"AAPL","t":1665169836165,"v":200},{"c":["1","12"],"p":140.4401,"s":"AAPL","t":1665169836171,"v":5},{"c":["1","12"],"p":140.435,"s":"AAPL","t":1665169836167,"v":20},{"c":null,"p":19478.09,"s":"BINANCE:BTCUSDT","t":1665169836122,"v":0.00056}],"type":"trade"}

{"data":[{"c":["1"],"p":140.4325,"s":"AAPL","t":1665169836511,"v":300},{"c":null,"p":19477.82,"s":"BINANCE:BTCUSDT","t":1665169836442,"v":0.03466},{"c":null,"p":19477.83,"s":"BINANCE:BTCUSDT","t":1665169836512,"v":0.02824},{"c":["1"],"p":140.435,"s":"AAPL","t":1665169836582,"v":200},{"c":null,"p":19478,"s":"BINANCE:BTCUSDT","t":1665169836512,"v":0.05115},{"c":null,"p":19478.09,"s":"BINANCE:BTCUSDT","t":1665169836512,"v":0.02222},{"c":null,"p":19478.71,"s":"BINANCE:BTCUSDT","t":1665169836609,"v":0.00056},{"c":["1","12"],"p":140.4381,"s":"AAPL","t":1665169836679,"v":1},{"c":null,"p":19478.71,"s":"BINANCE:BTCUSDT","t":1665169836627,"v":0.00052},{"c":["1"],"p":140.4381,"s":"AAPL","t":1665169836756,"v":150}],"type":"trade"}

{"data":[{"c":["1","12"],"p":140.44,"s":"AAPL","t":1665169836760,"v":83},{"c":["1","12"],"p":118.895,"s":"IBM","t":1665169836835,"v":5},{"c":["1","30"],"p":140.435,"s":"AAPL","t":1665169836852,"v":1188},{"c":null,"p":19478.7,"s":"BINANCE:BTCUSDT","t":1665169836795,"v":0.04},{"c":["1"],"p":140.435,"s":"AAPL","t":1665169836942,"v":553},{"c":["1","12"],"p":140.4388,"s":"AAPL","t":1665169836943,"v":1},{"c":["1","12"],"p":140.435,"s":"AAPL","t":1665169837007,"v":1},{"c":["1","8"],"p":140.44,"s":"AAPL","t":1665169837091,"v":300},{"c":["1","8","12"],"p":140.44,"s":"AAPL","t":1665169837091,"v":4},{"c":["1","8"],"p":140.44,"s":"AAPL","t":1665169837111,"v":100}],"type":"trade"}

{"data":[{"c":["1"],"p":140.44,"s":"AAPL","t":1665169837111,"v":100},{"c":["1"],"p":140.44,"s":"AAPL","t":1665169837111,"v":100},{"c":["1"],"p":140.44,"s":"AAPL","t":1665169837111,"v":100},{"c":["1"],"p":140.44,"s":"AAPL","t":1665169837111,"v":100},{"c":["1"],"p":140.44,"s":"AAPL","t":1665169837111,"v":100},{"c":["1"],"p":140.44,"s":"AAPL","t":1665169837111,"v":300},{"c":["1"],"p":140.44,"s":"AAPL","t":1665169837111,"v":100},{"c":["1"],"p":140.44,"s":"AAPL","t":1665169837111,"v":100},{"c":["1"],"p":140.44,"s":"AAPL","t":1665169837111,"v":100},{"c":["1"],"p":140.44,"s":"AAPL","t":1665169837111,"v":100}],"type":"trade"}

{"data":[{"c":["1"],"p":140.44,"s":"AAPL","t":1665169837111,"v":100},{"c":["1"],"p":140.44,"s":"AAPL","t":1665169837111,"v":100},{"c":["1","12"],"p":140.435,"s":"AAPL","t":1665169836930,"v":1},{"c":["1","12"],"p":118.896,"s":"IBM","t":1665169837140,"v":1},{"c":null,"p":19478.7,"s":"BINANCE:BTCUSDT","t":1665169837087,"v":0.00545},{"c":null,"p":19478.7,"s":"BINANCE:BTCUSDT","t":1665169837088,"v":0.00545},{"c":null,"p":0.97379,"s":"IC MARKETS:1","t":1665169836570,"v":0},{"c":["1"],"p":140.4351,"s":"AAPL","t":1665169837292,"v":100},{"c":null,"p":19478.71,"s":"BINANCE:BTCUSDT","t":1665169837342,"v":0.00056},{"c":null,"p":19478.71,"s":"BINANCE:BTCUSDT","t":1665169837394,"v":0.03255}],"type":"trade"}

{"data":[{"c":["1","8"],"p":140.43,"s":"AAPL","t":1665169837498,"v":100},{"c":["1","12"],"p":140.4302,"s":"AAPL","t":1665169837542,"v":10},{"c":["1","12"],"p":140.4366,"s":"AAPL","t":1665169837569,"v":25},{"c":null,"p":19478.81,"s":"BINANCE:BTCUSDT","t":1665169837532,"v":0.00056},{"c":null,"p":19478.81,"s":"BINANCE:BTCUSDT","t":1665169837532,"v":0.03024},{"c":null,"p":19478.81,"s":"BINANCE:BTCUSDT","t":1665169837578,"v":0.004},{"c":["1"],"p":140.435,"s":"AAPL","t":1665169837668,"v":125}],"type":"trade"}

{"data":[{"c":["1","12"],"p":140.435,"s":"AAPL","t":1665169838514,"v":2},{"c":["1"],"p":140.435,"s":"AAPL","t":1665169838537,"v":300},{"c":["8","12"],"p":140.44,"s":"AAPL","t":1665169830644,"v":5},{"c":null,"p":19479.09,"s":"BINANCE:BTCUSDT","t":1665169838601,"v":0.00056},{"c":["1","12"],"p":140.435,"s":"AAPL","t":1665169838463,"v":1},{"c":["1","12"],"p":140.4388,"s":"AAPL","t":1665169838727,"v":1},{"c":["1","12"],"p":140.4388,"s":"AAPL","t":1665169838738,"v":1},{"c":["1"],"p":140.4301,"s":"AAPL","t":1665169838774,"v":200},{"c":["1","12"],"p":140.435,"s":"AAPL","t":1665169838795,"v":30},{"c":["1"],"p":118.9,"s":"IBM","t":1665169838821,"v":100}],"type":"trade"}

{"data":[{"c":["1","8","12"],"p":140.44,"s":"AAPL","t":1665169838886,"v":94},{"c":["1","8","12"],"p":140.44,"s":"AAPL","t":1665169838886,"v":6},{"c":["1","12"],"p":140.44,"s":"AAPL","t":1665169838886,"v":6},{"c":null,"p":19479.46,"s":"BINANCE:BTCUSDT","t":1665169838958,"v":0.00057},{"c":null,"p":19479.58,"s":"BINANCE:BTCUSDT","t":1665169838958,"v":0.00057},{"c":null,"p":19479.71,"s":"BINANCE:BTCUSDT","t":1665169838958,"v":0.00056},{"c":null,"p":19479.71,"s":"BINANCE:BTCUSDT","t":1665169838958,"v":0.00056},{"c":null,"p":19479.74,"s":"BINANCE:BTCUSDT","t":1665169838958,"v":0.00307},{"c":null,"p":19479.77,"s":"BINANCE:BTCUSDT","t":1665169838958,"v":0.2693},{"c":null,"p":19479.77,"s":"BINANCE:BTCUSDT","t":1665169838958,"v":0.00229}],"type":"trade"}

{"data":[{"c":["1","8"],"p":140.44,"s":"AAPL","t":1665169839931,"v":100},{"c":["1","8"],"p":140.44,"s":"AAPL","t":1665169839932,"v":100},{"c":null,"p":19479.75,"s":"BINANCE:BTCUSDT","t":1665169839864,"v":0.00355},{"c":["1","8"],"p":140.44,"s":"AAPL","t":1665169839932,"v":100},{"c":["1"],"p":118.91,"s":"IBM","t":1665169839935,"v":100},{"c":null,"p":19479.75,"s":"BINANCE:BTCUSDT","t":1665169839886,"v":0.0011},{"c":["1","12"],"p":140.4373,"s":"AAPL","t":1665169839969,"v":1},{"c":null,"p":19479.46,"s":"BINANCE:BTCUSDT","t":1665169839918,"v":0.02027},{"c":null,"p":19479.73,"s":"BINANCE:BTCUSDT","t":1665169839963,"v":0.07945},{"c":null,"p":19479.74,"s":"BINANCE:BTCUSDT","t":1665169839963,"v":0.11851}],"type":"trade"}

{"data":[{"c":["1","12"],"p":140.4488,"s":"AAPL","t":1665169840011,"v":1},{"c":null,"p":19479.72,"s":"BINANCE:BTCUSDT","t":1665169839998,"v":0.04035},{"c":["1","12"],"p":140.44,"s":"AAPL","t":1665169840755,"v":1},{"c":null,"p":19478.73,"s":"BINANCE:BTCUSDT","t":1665169840118,"v":0.00136},{"c":null,"p":19479.5,"s":"BINANCE:BTCUSDT","t":1665169840769,"v":0.02325},{"c":null,"p":19479.73,"s":"BINANCE:BTCUSDT","t":1665169840160,"v":0.03152},{"c":["1"],"p":140.435,"s":"AAPL","t":1665169840275,"v":420},{"c":["1","12"],"p":140.4388,"s":"AAPL","t":1665169840272,"v":1},{"c":null,"p":19479.64,"s":"BINANCE:BTCUSDT","t":1665169840338,"v":0.00056},{"c":["1"],"p":140.4375,"s":"AAPL","t":1665169840874,"v":111}],"type":"trade"}

{"data":[{"c":["1","12"],"p":140.4375,"s":"AAPL","t":1665169840458,"v":2},{"c":["1"],"p":140.4355,"s":"AAPL","t":1665169840656,"v":300},{"c":["1","12"],"p":140.435,"s":"AAPL","t":1665169840669,"v":2},{"c":["1","12"],"p":118.905,"s":"IBM","t":1665169840886,"v":13},{"c":["1","12"],"p":140.4375,"s":"AAPL","t":1665169840882,"v":1}],"type":"trade"}

{"data":[{"c":["1","12"],"p":140.4375,"s":"AAPL","t":1665169840885,"v":1},{"c":["1"],"p":118.91,"s":"IBM","t":1665169841544,"v":100},{"c":["1"],"p":118.91,"s":"IBM","t":1665169841544,"v":100},{"c":["1","12"],"p":140.4388,"s":"AAPL","t":1665169841545,"v":1},{"c":null,"p":19479.64,"s":"BINANCE:BTCUSDT","t":1665169841545,"v":0.02567},{"c":null,"p":19479.64,"s":"BINANCE:BTCUSDT","t":1665169841545,"v":0.0248},{"c":["1","12"],"p":140.438,"s":"AAPL","t":1665169841651,"v":1},{"c":null,"p":19479.93,"s":"BINANCE:BTCUSDT","t":1665169841736,"v":0.02497},{"c":null,"p":19479.93,"s":"BINANCE:BTCUSDT","t":1665169841736,"v":0.04035},{"c":null,"p":19479.93,"s":"BINANCE:BTCUSDT","t":1665169841736,"v":0.0364}],"type":"trade"}

{"data":[{"c":["1"],"p":140.44,"s":"AAPL","t":1665169842383,"v":100},{"c":["1","12"],"p":140.435,"s":"AAPL","t":1665169842147,"v":1},{"c":null,"p":19479.63,"s":"BINANCE:BTCUSDT","t":1665169842402,"v":0.03111},{"c":null,"p":19479.58,"s":"BINANCE:BTCUSDT","t":1665169842452,"v":0.00057},{"c":null,"p":19478.81,"s":"BINANCE:BTCUSDT","t":1665169842452,"v":0.00045},{"c":["1"],"p":140.435,"s":"AAPL","t":1665169842530,"v":2000},{"c":["1","12"],"p":140.4388,"s":"AAPL","t":1665169842556,"v":1},{"c":null,"p":19479.61,"s":"BINANCE:BTCUSDT","t":1665169842612,"v":0.00658},{"c":null,"p":19479.62,"s":"BINANCE:BTCUSDT","t":1665169842612,"v":0.06044},{"c":null,"p":19479.64,"s":"BINANCE:BTCUSDT","t":1665169842612,"v":0.03535}],"type":"trade"}

{"data":[{"c":["1"],"p":140.405,"s":"AAPL","t":1665169883632,"v":400},{"c":null,"p":19472.03,"s":"BINANCE:BTCUSDT","t":1665169884112,"v":0.00056},{"c":null,"p":19471.06,"s":"BINANCE:BTCUSDT","t":1665169883655,"v":0.0308},{"c":["1","12"],"p":140.4035,"s":"AAPL","t":1665169883737,"v":1},{"c":["1","12"],"p":140.4029,"s":"AAPL","t":1665169883767,"v":2},{"c":["8","12"],"p":140.39,"s":"AAPL","t":1665169875374,"v":10},{"c":["1","12"],"p":140.405,"s":"AAPL","t":1665169883663,"v":1},{"c":null,"p":19472,"s":"BINANCE:BTCUSDT","t":1665169883865,"v":0.00256},{"c":["1","12"],"p":140.405,"s":"AAPL","t":1665169884222,"v":53},{"c":["1"],"p":140.4001,"s":"AAPL","t":1665169884224,"v":124}],"type":"trade"}

{"data":[{"c":["1","12"],"p":140.4088,"s":"AAPL","t":1665169884000,"v":1}],"type":"trade"}

{"data":[{"c":["1","12"],"p":140.405,"s":"AAPL","t":1665169885647,"v":1},{"c":["1","12"],"p":140.4086,"s":"AAPL","t":1665169885999,"v":2},{"c":["1","8"],"p":140.4,"s":"AAPL","t":1665169886092,"v":100},{"c":null,"p":19470.79,"s":"BINANCE:BTCUSDT","t":1665169886037,"v":0.01029},{"c":null,"p":19471.99,"s":"BINANCE:BTCUSDT","t":1665169886190,"v":0.00243},{"c":null,"p":19472,"s":"BINANCE:BTCUSDT","t":1665169886101,"v":0.00056},{"c":["1","12"],"p":140.4088,"s":"AAPL","t":1665169886318,"v":1}],"type":"trade"}

{"data":[{"c":["1"],"p":140.4028,"s":"AAPL","t":1665169886377,"v":286},{"c":["1"],"p":140.405,"s":"AAPL","t":1665169886440,"v":420},{"c":["1","12"],"p":140.405,"s":"AAPL","t":1665169886440,"v":80},{"c":["1","12"],"p":140.41,"s":"AAPL","t":1665169885420,"v":1},{"c":["1","12"],"p":140.405,"s":"AAPL","t":1665169886647,"v":1},{"c":["1","12"],"p":140.4088,"s":"AAPL","t":1665169886829,"v":1},{"c":["1","12"],"p":140.4088,"s":"AAPL","t":1665169886841,"v":1},{"c":null,"p":19471.8,"s":"BINANCE:BTCUSDT","t":1665169886841,"v":0.00056},{"c":["1"],"p":140.4033,"s":"AAPL","t":1665169886975,"v":100},{"c":["1","12"],"p":140.405,"s":"AAPL","t":1665169886787,"v":1}],"type":"trade"}

{"data":[{"c":["1","12"],"p":140.405,"s":"AAPL","t":1665169886997,"v":10},{"c":["1","12"],"p":140.405,"s":"AAPL","t":1665169887013,"v":1}],"type":"trade"}

{"data":[{"c":["1","8","12"],"p":140.41,"s":"AAPL","t":1665169887410,"v":1},{"c":["1","12"],"p":140.41,"s":"AAPL","t":1665169887410,"v":3},{"c":["1","12"],"p":140.4063,"s":"AAPL","t":1665169886337,"v":30},{"c":null,"p":19471.66,"s":"BINANCE:BTCUSDT","t":1665169887474,"v":0.00054},{"c":null,"p":19471.81,"s":"BINANCE:BTCUSDT","t":1665169887474,"v":0.02062},{"c":null,"p":19471.82,"s":"BINANCE:BTCUSDT","t":1665169887474,"v":0.02462},{"c":null,"p":19471.84,"s":"BINANCE:BTCUSDT","t":1665169887474,"v":0.02462},{"c":null,"p":19471.86,"s":"BINANCE:BTCUSDT","t":1665169887474,"v":0.00257},{"c":null,"p":19471.86,"s":"BINANCE:BTCUSDT","t":1665169887474,"v":0.02461},{"c":null,"p":19471.99,"s":"BINANCE:BTCUSDT","t":1665169887474,"v":0.03303}],"type":"trade"}

{"data":[{"c":["1"],"p":140.4,"s":"AAPL","t":1665169887984,"v":500},{"c":null,"p":19472.78,"s":"BINANCE:BTCUSDT","t":1665169888215,"v":0.00056},{"c":["1","8","12"],"p":140.4,"s":"AAPL","t":1665169888145,"v":35},{"c":["1"],"p":140.405,"s":"AAPL","t":1665169888171,"v":100},{"c":["1","12"],"p":140.41,"s":"AAPL","t":1665169888171,"v":45},{"c":null,"p":19472.62,"s":"BINANCE:BTCUSDT","t":1665169888262,"v":0.00102}],"type":"trade"}

{"data":[{"c":["1","12"],"p":140.4088,"s":"AAPL","t":1665169888364,"v":1},{"c":["1","12"],"p":118.87,"s":"IBM","t":1665169888512,"v":25},{"c":null,"p":19471.81,"s":"BINANCE:BTCUSDT","t":1665169888480,"v":0.00362},{"c":null,"p":19471.74,"s":"BINANCE:BTCUSDT","t":1665169888480,"v":0.02},{"c":null,"p":19471.49,"s":"BINANCE:BTCUSDT","t":1665169888480,"v":0.00266},{"c":null,"p":19471.36,"s":"BINANCE:BTCUSDT","t":1665169888480,"v":0.00057},{"c":null,"p":19471.35,"s":"BINANCE:BTCUSDT","t":1665169888480,"v":0.0008},{"c":null,"p":19471.11,"s":"BINANCE:BTCUSDT","t":1665169888480,"v":0.00056},{"c":null,"p":19470.6,"s":"BINANCE:BTCUSDT","t":1665169888480,"v":0.02339},{"c":null,"p":19472.2,"s":"BINANCE:BTCUSDT","t":1665169888506,"v":0.00054}],"type":"trade"}

{"data":[{"c":["1","12"],"p":140.4099,"s":"AAPL","t":1665169888638,"v":3},{"c":["1","12"],"p":140.4066,"s":"AAPL","t":1665169888759,"v":10},{"c":null,"p":19472.01,"s":"BINANCE:BTCUSDT","t":1665169888761,"v":0.00056},{"c":null,"p":19472.01,"s":"BINANCE:BTCUSDT","t":1665169888764,"v":0.00172},{"c":null,"p":19472.02,"s":"BINANCE:BTCUSDT","t":1665169888765,"v":0.01},{"c":["1","12"],"p":140.403643,"s":"AAPL","t":1665169888840,"v":39},{"c":null,"p":19472.16,"s":"BINANCE:BTCUSDT","t":1665169888847,"v":0.00115},{"c":null,"p":19472.17,"s":"BINANCE:BTCUSDT","t":1665169888847,"v":0.00054},{"c":null,"p":19472.17,"s":"BINANCE:BTCUSDT","t":1665169888874,"v":0.00509},{"c":null,"p":19472.55,"s":"BINANCE:BTCUSDT","t":1665169888874,"v":0.02005}],"type":"trade"}

{"data":[{"c":["1","12"],"p":140.4088,"s":"AAPL","t":1665169889376,"v":1},{"c":["1","12"],"p":140.41,"s":"AAPL","t":1665169889406,"v":1},{"c":["1"],"p":140.4,"s":"AAPL","t":1665169889516,"v":200},{"c":null,"p":19471.55,"s":"BINANCE:BTCUSDT","t":1665169889454,"v":0.00102},{"c":null,"p":19472.06,"s":"BINANCE:BTCUSDT","t":1665169889517,"v":0.00056},{"c":null,"p":19472.06,"s":"BINANCE:BTCUSDT","t":1665169889525,"v":0.00017},{"c":null,"p":19472.18,"s":"BINANCE:BTCUSDT","t":1665169889525,"v":0.00152},{"c":null,"p":0.973845,"s":"IC MARKETS:1","t":1665169888403,"v":0},{"c":["1","32"],"p":140.405,"s":"AAPL","t":1665169889689,"v":100},{"c":null,"p":19472.18,"s":"BINANCE:BTCUSDT","t":1665169889808,"v":0.00017}],"type":"trade"}

{"data":[{"c":["1","8","12"],"p":140.4,"s":"AAPL","t":1665169890918,"v":2},{"c":["1","12"],"p":140.4,"s":"AAPL","t":1665169890919,"v":7},{"c":["1"],"p":140.4,"s":"AAPL","t":1665169890919,"v":100},{"c":["1","12"],"p":140.4,"s":"AAPL","t":1665169890919,"v":1},{"c":["1","12"],"p":140.4,"s":"AAPL","t":1665169890919,"v":1},{"c":["1","12"],"p":140.4,"s":"AAPL","t":1665169890919,"v":40},{"c":["1","12"],"p":140.4,"s":"AAPL","t":1665169890919,"v":1},{"c":["1","12"],"p":140.4,"s":"AAPL","t":1665169890919,"v":1},{"c":["1","12"],"p":140.4,"s":"AAPL","t":1665169890919,"v":1},{"c":["1"],"p":140.4,"s":"AAPL","t":1665169890919,"v":100}],"type":"trade"}

{"data":[{"c":["1"],"p":140.4,"s":"AAPL","t":1665169890919,"v":100},{"c":null,"p":19472.22,"s":"BINANCE:BTCUSDT","t":1665169890880,"v":0.00056},{"c":null,"p":19471.51,"s":"BINANCE:BTCUSDT","t":1665169890926,"v":0.00148},{"c":["1","12"],"p":118.8682,"s":"IBM","t":1665169891014,"v":23},{"c":["1","8","12"],"p":140.4,"s":"AAPL","t":1665169891018,"v":97},{"c":["1","8","12"],"p":140.4,"s":"AAPL","t":1665169891018,"v":2},{"c":["1","8"],"p":140.4,"s":"AAPL","t":1665169891018,"v":100},{"c":["1"],"p":140.4,"s":"AAPL","t":1665169891019,"v":100},{"c":["1"],"p":140.4,"s":"AAPL","t":1665169891019,"v":100},{"c":["1"],"p":140.4,"s":"AAPL","t":1665169891019,"v":100}],"type":"trade"}

{"data":[{"c":["1"],"p":140.4,"s":"AAPL","t":1665169891019,"v":100},{"c":["1"],"p":140.4,"s":"AAPL","t":1665169891019,"v":100},{"c":["1"],"p":140.4,"s":"AAPL","t":1665169891019,"v":100},{"c":["1","12"],"p":140.4,"s":"AAPL","t":1665169891019,"v":16},{"c":["1","12"],"p":140.4,"s":"AAPL","t":1665169891019,"v":9},{"c":["1","12"],"p":140.4,"s":"AAPL","t":1665169891021,"v":45},{"c":["1","12"],"p":140.395,"s":"AAPL","t":1665169891020,"v":20},{"c":["1","12"],"p":140.4,"s":"AAPL","t":1665169891021,"v":98},{"c":["1","12"],"p":140.4,"s":"AAPL","t":1665169891021,"v":75},{"c":["1","12"],"p":140.4,"s":"AAPL","t":1665169891021,"v":25}],"type":"trade"}

{"data":[{"c":["1","12"],"p":140.3999,"s":"AAPL","t":1665169891037,"v":52},{"c":["1","12"],"p":140.3999,"s":"AAPL","t":1665169891089,"v":1},{"c":null,"p":19471.51,"s":"BINANCE:BTCUSDT","t":1665169891103,"v":0.00513},{"c":["1","12"],"p":140.3988,"s":"AAPL","t":1665169891150,"v":1},{"c":["1","12"],"p":140.3988,"s":"AAPL","t":1665169891161,"v":1},{"c":["12"],"p":140.41,"s":"AAPL","t":1665169887411,"v":14}],"type":"trade"}

{"data":[{"c":["1"],"p":140.394,"s":"AAPL","t":1665169891733,"v":100}],"type":"trade"}

{"data":[{"c":["1","12"],"p":140.3974,"s":"AAPL","t":1665169891748,"v":46}],"type":"trade"}

{"data":[{"c":["1","12"],"p":140.3974,"s":"AAPL","t":1665169891748,"v":46},{"c":null,"p":19471.56,"s":"BINANCE:BTCUSDT","t":1665169891713,"v":0.00191},{"c":null,"p":19471.56,"s":"BINANCE:BTCUSDT","t":1665169891912,"v":0.00695},{"c":["1","12"],"p":140.3951,"s":"AAPL","t":1665169892001,"v":10},{"c":null,"p":19472.02,"s":"BINANCE:BTCUSDT","t":1665169891941,"v":0.01},{"c":null,"p":19472.26,"s":"BINANCE:BTCUSDT","t":1665169891941,"v":0.01049},{"c":null,"p":19472.41,"s":"BINANCE:BTCUSDT","t":1665169891941,"v":0.00795},{"c":null,"p":19472.42,"s":"BINANCE:BTCUSDT","t":1665169891941,"v":0.02666},{"c":null,"p":19472.43,"s":"BINANCE:BTCUSDT","t":1665169891941,"v":0.0472},{"c":null,"p":19472.54,"s":"BINANCE:BTCUSDT","t":1665169891941,"v":0.10125}],"type":"trade"}

{"data":[{"c":["1","8","12"],"p":140.39,"s":"AAPL","t":1665169892483,"v":16},{"c":["1","8","12"],"p":140.39,"s":"AAPL","t":1665169892483,"v":1},{"c":["1","8","12"],"p":140.39,"s":"AAPL","t":1665169892483,"v":1},{"c":["1","8"],"p":140.39,"s":"AAPL","t":1665169892483,"v":100},{"c":["1","8"],"p":140.39,"s":"AAPL","t":1665169892483,"v":100},{"c":["1","8","12"],"p":140.39,"s":"AAPL","t":1665169892483,"v":1},{"c":["1","8"],"p":140.39,"s":"AAPL","t":1665169892483,"v":100},{"c":["1"],"p":140.39,"s":"AAPL","t":1665169892483,"v":100},{"c":["1","8","12"],"p":140.39,"s":"AAPL","t":1665169892483,"v":2},{"c":["1","12"],"p":140.39,"s":"AAPL","t":1665169892487,"v":9}],"type":"trade"}

{"data":[{"c":["1","12"],"p":140.39,"s":"AAPL","t":1665169892515,"v":1},{"c":["1","12"],"p":140.39,"s":"AAPL","t":1665169892515,"v":1},{"c":["1","12"],"p":140.39,"s":"AAPL","t":1665169892515,"v":1},{"c":["1","12"],"p":140.39,"s":"AAPL","t":1665169892515,"v":1},{"c":["1","12"],"p":140.39,"s":"AAPL","t":1665169892515,"v":1},{"c":["1","12"],"p":140.39,"s":"AAPL","t":1665169892515,"v":1},{"c":["1","12"],"p":140.39,"s":"AAPL","t":1665169892515,"v":1},{"c":["1","12"],"p":140.39,"s":"AAPL","t":1665169892515,"v":1}],"type":"trade"}

{"data":[{"c":["1","12"],"p":140.398,"s":"AAPL","t":1665169894378,"v":1},{"c":null,"p":0.97385,"s":"IC MARKETS:1","t":1665169892962,"v":0},{"c":null,"p":19471.78,"s":"BINANCE:BTCUSDT","t":1665169893705,"v":0.00297},{"c":["1"],"p":140.395,"s":"AAPL","t":1665169893778,"v":100},{"c":null,"p":19471.92,"s":"BINANCE:BTCUSDT","t":1665169893716,"v":0.05136},{"c":null,"p":19471.04,"s":"BINANCE:BTCUSDT","t":1665169893739,"v":0.00904},{"c":null,"p":19471.03,"s":"BINANCE:BTCUSDT","t":1665169893850,"v":0.00266},{"c":null,"p":19470.57,"s":"BINANCE:BTCUSDT","t":1665169893850,"v":0.00247},{"c":["1","12"],"p":140.3986,"s":"AAPL","t":1665169894425,"v":1},{"c":["1","12"],"p":140.3988,"s":"AAPL","t":1665169894173,"v":1}],"type":"trade"}

{"data":[{"c":["1","12"],"p":140.395,"s":"AAPL","t":1665169894818,"v":1},{"c":["1","12"],"p":140.395,"s":"AAPL","t":1665169895173,"v":10},{"c":["1","12"],"p":140.395,"s":"AAPL","t":1665169895298,"v":2},{"c":["1"],"p":140.395,"s":"AAPL","t":1665169895320,"v":394},{"c":null,"p":19471.81,"s":"BINANCE:BTCUSDT","t":1665169895283,"v":0.04444},{"c":null,"p":19471.8,"s":"BINANCE:BTCUSDT","t":1665169895401,"v":0.00272},{"c":null,"p":19471.81,"s":"BINANCE:BTCUSDT","t":1665169895401,"v":0.01423},{"c":null,"p":19471.81,"s":"BINANCE:BTCUSDT","t":1665169895401,"v":0.03861}],"type":"trade"}

{"data":[{"c":["1","8","12"],"p":140.4,"s":"AAPL","t":1665169897700,"v":1},{"c":["1","8"],"p":140.4,"s":"AAPL","t":1665169897701,"v":300},{"c":["1","12"],"p":140.398,"s":"AAPL","t":1665169897785,"v":1},{"c":null,"p":19472.02,"s":"BINANCE:BTCUSDT","t":1665169897732,"v":0.00056},{"c":null,"p":19472.02,"s":"BINANCE:BTCUSDT","t":1665169897774,"v":0.00092},{"c":null,"p":19472.03,"s":"BINANCE:BTCUSDT","t":1665169897774,"v":0.01743},{"c":null,"p":19472.03,"s":"BINANCE:BTCUSDT","t":1665169897774,"v":0.02},{"c":null,"p":19472.04,"s":"BINANCE:BTCUSDT","t":1665169897774,"v":0.01398},{"c":null,"p":19472.04,"s":"BINANCE:BTCUSDT","t":1665169897781,"v":0.00603},{"c":null,"p":19471.55,"s":"BINANCE:BTCUSDT","t":1665169897784,"v":0.00487}],"type":"trade"}

{"data":[{"c":["1","12"],"p":140.397,"s":"AAPL","t":1665169898387,"v":1},{"c":null,"p":19471.95,"s":"BINANCE:BTCUSDT","t":1665169898348,"v":0.00056},{"c":["1","12"],"p":140.3999,"s":"AAPL","t":1665169898449,"v":9},{"c":null,"p":19471.62,"s":"BINANCE:BTCUSDT","t":1665169898548,"v":0.01},{"c":null,"p":19471.03,"s":"BINANCE:BTCUSDT","t":1665169898548,"v":0.00017}],"type":"trade"}

{"data":[{"c":["1","8"],"p":140.39,"s":"AAPL","t":1665169898711,"v":100},{"c":["1","8"],"p":140.39,"s":"AAPL","t":1665169898711,"v":200},{"c":["1","8"],"p":140.39,"s":"AAPL","t":1665169898711,"v":307},{"c":["1","8","12"],"p":140.39,"s":"AAPL","t":1665169898711,"v":54},{"c":["1","8"],"p":140.39,"s":"AAPL","t":1665169898711,"v":210},{"c":["1","8"],"p":140.39,"s":"AAPL","t":1665169898711,"v":100},{"c":["1","8"],"p":140.39,"s":"AAPL","t":1665169898712,"v":235},{"c":null,"p":19471.8,"s":"BINANCE:BTCUSDT","t":1665169898650,"v":0.00467},{"c":null,"p":19471.96,"s":"BINANCE:BTCUSDT","t":1665169898650,"v":0.0154},{"c":null,"p":19471.96,"s":"BINANCE:BTCUSDT","t":1665169898650,"v":0.01743}],"type":"trade"}

{"data":[{"c":["1","8","12"],"p":140.39,"s":"AAPL","t":1665169898718,"v":98},{"c":null,"p":0.97378,"s":"IC MARKETS:1","t":1665169897672,"v":0},{"c":null,"p":0.97375,"s":"IC MARKETS:1","t":1665169897918,"v":0},{"c":["1","12"],"p":140.39,"s":"AAPL","t":1665169898787,"v":5},{"c":["1","8","12"],"p":140.39,"s":"AAPL","t":1665169898788,"v":1},{"c":["1","12"],"p":140.39,"s":"AAPL","t":1665169898788,"v":99},{"c":["1"],"p":140.39,"s":"AAPL","t":1665169898788,"v":152},{"c":["1"],"p":140.39,"s":"AAPL","t":1665169898829,"v":100},{"c":["1","12"],"p":140.39,"s":"AAPL","t":1665169898829,"v":1},{"c":["1","12"],"p":140.39,"s":"AAPL","t":1665169898829,"v":1}],"type":"trade"}

{"data":[{"c":["1","12"],"p":140.39,"s":"AAPL","t":1665169898829,"v":1},{"c":["1","12"],"p":140.39,"s":"AAPL","t":1665169898829,"v":1},{"c":["1","12"],"p":140.39,"s":"AAPL","t":1665169898941,"v":48},{"c":["1"],"p":140.3999,"s":"AAPL","t":1665169898979,"v":487},{"c":null,"p":19470.95,"s":"BINANCE:BTCUSDT","t":1665169898984,"v":0.00653},{"c":["1","12"],"p":140.39,"s":"AAPL","t":1665169898944,"v":1},{"c":null,"p":19470.92,"s":"BINANCE:BTCUSDT","t":1665169899228,"v":0.02627},{"c":null,"p":19470.73,"s":"BINANCE:BTCUSDT","t":1665169899228,"v":0.0053},{"c":null,"p":19470.71,"s":"BINANCE:BTCUSDT","t":1665169899228,"v":0.00663},{"c":null,"p":19470.54,"s":"BINANCE:BTCUSDT","t":1665169899228,"v":0.00945}],"type":"trade"}

{"data":[{"c":["1","12"],"p":140.39,"s":"AAPL","t":1665169899685,"v":50},{"c":["1"],"p":140.3921,"s":"AAPL","t":1665169899796,"v":600},{"c":null,"p":19471.42,"s":"BINANCE:BTCUSDT","t":1665169899762,"v":0.00056},{"c":null,"p":19470.53,"s":"BINANCE:BTCUSDT","t":1665169899778,"v":0.01},{"c":null,"p":19470.2,"s":"BINANCE:BTCUSDT","t":1665169899778,"v":0.00133},{"c":null,"p":19470.19,"s":"BINANCE:BTCUSDT","t":1665169899778,"v":0.01226},{"c":null,"p":19470.18,"s":"BINANCE:BTCUSDT","t":1665169899778,"v":0.00986},{"c":null,"p":19471.05,"s":"BINANCE:BTCUSDT","t":1665169900002,"v":0.00205},{"c":["1","12"],"p":140.391,"s":"AAPL","t":1665169900201,"v":4},{"c":["1","12"],"p":140.395,"s":"AAPL","t":1665169900269,"v":1}],"type":"trade"}

{"data":[{"c":["1","12"],"p":140.395,"s":"AAPL","t":1665169899450,"v":1},{"c":["1","12"],"p":140.395,"s":"AAPL","t":1665169900729,"v":5},{"c":["1","12"],"p":140.395,"s":"AAPL","t":1665169900729,"v":5},{"c":null,"p":19471.56,"s":"BINANCE:BTCUSDT","t":1665169900696,"v":0.00203},{"c":null,"p":19471.39,"s":"BINANCE:BTCUSDT","t":1665169901454,"v":0.01453},{"c":null,"p":19470.68,"s":"BINANCE:BTCUSDT","t":1665169900881,"v":0.1},{"c":null,"p":19470.67,"s":"BINANCE:BTCUSDT","t":1665169900881,"v":0.00666},{"c":null,"p":19470.67,"s":"BINANCE:BTCUSDT","t":1665169900881,"v":0.00199},{"c":null,"p":19470.65,"s":"BINANCE:BTCUSDT","t":1665169900881,"v":0.02508},{"c":null,"p":19470.63,"s":"BINANCE:BTCUSDT","t":1665169900881,"v":0.05269}],"type":"trade"}

{"data":[{"c":["1","12"],"p":140.3999,"s":"AAPL","t":1665169901696,"v":89},{"c":["1","12"],"p":140.3988,"s":"AAPL","t":1665169901720,"v":1},{"c":["1","12"],"p":140.3988,"s":"AAPL","t":1665169901732,"v":1},{"c":["1","12"],"p":140.395,"s":"AAPL","t":1665169901765,"v":2},{"c":null,"p":19471.79,"s":"BINANCE:BTCUSDT","t":1665169901736,"v":0.00056},{"c":["1","12"],"p":140.4,"s":"AAPL","t":1665169901930,"v":1},{"c":["1","12"],"p":140.395,"s":"AAPL","t":1665169901997,"v":19},{"c":["1"],"p":140.395,"s":"AAPL","t":1665169900980,"v":300},{"c":null,"p":19470,"s":"BINANCE:BTCUSDT","t":1665169902483,"v":0.03393},{"c":null,"p":19470,"s":"BINANCE:BTCUSDT","t":1665169902494,"v":0.03393}],"type":"trade"}

{"data":[{"c":["1","12"],"p":140.395,"s":"AAPL","t":1665169903190,"v":20},{"c":null,"p":19469.68,"s":"BINANCE:BTCUSDT","t":1665169903145,"v":0.02071},{"c":null,"p":19470.72,"s":"BINANCE:BTCUSDT","t":1665169903561,"v":0.00169},{"c":["1","8"],"p":140.39,"s":"AAPL","t":1665169903244,"v":100},{"c":["1","8","12"],"p":140.39,"s":"AAPL","t":1665169903244,"v":50},{"c":["1","8"],"p":140.39,"s":"AAPL","t":1665169903244,"v":103},{"c":["1","8","12"],"p":140.39,"s":"AAPL","t":1665169903244,"v":10},{"c":["1","8"],"p":140.39,"s":"AAPL","t":1665169903244,"v":100},{"c":["1","8","12"],"p":140.39,"s":"AAPL","t":1665169903244,"v":33},{"c":["1","8"],"p":140.39,"s":"AAPL","t":1665169903244,"v":100}],"type":"trade"}

{"data":[{"c":["1"],"p":140.39,"s":"AAPL","t":1665169903244,"v":100},{"c":["1","8","12"],"p":140.39,"s":"AAPL","t":1665169903244,"v":52},{"c":["1","8"],"p":140.39,"s":"AAPL","t":1665169903244,"v":100},{"c":["1","8","12"],"p":140.39,"s":"AAPL","t":1665169903244,"v":48},{"c":["1","8","12"],"p":140.39,"s":"AAPL","t":1665169903244,"v":52},{"c":["1"],"p":140.39,"s":"AAPL","t":1665169903245,"v":100},{"c":["1"],"p":140.39,"s":"AAPL","t":1665169903245,"v":200},{"c":["1"],"p":140.39,"s":"AAPL","t":1665169903245,"v":100},{"c":["1"],"p":140.39,"s":"AAPL","t":1665169903245,"v":100},{"c":["1","8"],"p":140.39,"s":"AAPL","t":1665169903246,"v":200}],"type":"trade"}

{"data":[{"c":["1","12"],"p":140.3891,"s":"AAPL","t":1665169903247,"v":64},{"c":["1"],"p":140.39,"s":"AAPL","t":1665169903249,"v":900},{"c":["1","8","12"],"p":140.39,"s":"AAPL","t":1665169903251,"v":35},{"c":["1","12"],"p":140.3966,"s":"AAPL","t":1665169903255,"v":6},{"c":null,"p":19469.42,"s":"BINANCE:BTCUSDT","t":1665169903562,"v":0.25679},{"c":null,"p":19469.41,"s":"BINANCE:BTCUSDT","t":1665169903562,"v":0.00703},{"c":null,"p":19469.41,"s":"BINANCE:BTCUSDT","t":1665169903562,"v":0.00148},{"c":null,"p":19469.24,"s":"BINANCE:BTCUSDT","t":1665169903562,"v":0.00142},{"c":null,"p":19469.23,"s":"BINANCE:BTCUSDT","t":1665169903562,"v":0.00058},{"c":null,"p":19469.17,"s":"BINANCE:BTCUSDT","t":1665169903562,"v":0.23782}],"type":"trade"}

{"data":[{"c":["1","8"],"p":140.39,"s":"AAPL","t":1665169903496,"v":100},{"c":["1"],"p":140.39,"s":"AAPL","t":1665169903497,"v":100},{"c":null,"p":19470.98,"s":"BINANCE:BTCUSDT","t":1665169903454,"v":0.02},{"c":null,"p":19470.98,"s":"BINANCE:BTCUSDT","t":1665169903454,"v":0.01153},{"c":["1","12"],"p":140.3988,"s":"AAPL","t":1665169903515,"v":1},{"c":["1","8","12"],"p":140.39,"s":"AAPL","t":1665169903542,"v":1},{"c":null,"p":19470.98,"s":"BINANCE:BTCUSDT","t":1665169903477,"v":0.00847},{"c":null,"p":19471.1,"s":"BINANCE:BTCUSDT","t":1665169903477,"v":0.0182},{"c":["1","12"],"p":140.3988,"s":"AAPL","t":1665169903526,"v":1},{"c":null,"p":19470.81,"s":"BINANCE:BTCUSDT","t":1665169903479,"v":0.02377}],"type":"trade"}

{"data":[{"c":["1","8","12"],"p":140.38,"s":"AAPL","t":1665169904913,"v":1},{"c":["1","8","12"],"p":140.38,"s":"AAPL","t":1665169904913,"v":11},{"c":["1","8"],"p":140.38,"s":"AAPL","t":1665169904994,"v":100},{"c":["1","8"],"p":140.38,"s":"AAPL","t":1665169904913,"v":138},{"c":["1","8","12"],"p":140.38,"s":"AAPL","t":1665169904913,"v":5},{"c":["1","8","12"],"p":140.38,"s":"AAPL","t":1665169904913,"v":33},{"c":["1","8","12"],"p":140.38,"s":"AAPL","t":1665169904913,"v":29},{"c":["1","8"],"p":140.38,"s":"AAPL","t":1665169904913,"v":100},{"c":["1","8","12"],"p":140.38,"s":"AAPL","t":1665169904913,"v":62},{"c":["1","12"],"p":140.38,"s":"AAPL","t":1665169904913,"v":84}],"type":"trade"}

{"data":[{"c":["1","8","12"],"p":140.38,"s":"AAPL","t":1665169904913,"v":16},{"c":["1","8","12"],"p":140.38,"s":"AAPL","t":1665169904913,"v":16},{"c":["1"],"p":140.38,"s":"AAPL","t":1665169904913,"v":100},{"c":["1"],"p":140.375,"s":"AAPL","t":1665169904994,"v":100},{"c":["1"],"p":140.38,"s":"AAPL","t":1665169904994,"v":300},{"c":["1"],"p":140.38,"s":"AAPL","t":1665169904994,"v":200},{"c":["1"],"p":140.38,"s":"AAPL","t":1665169904994,"v":400},{"c":["1"],"p":140.38,"s":"AAPL","t":1665169904994,"v":100},{"c":["1","8"],"p":140.375,"s":"AAPL","t":1665169904994,"v":100},{"c":["1","8"],"p":140.38,"s":"AAPL","t":1665169904994,"v":300}],"type":"trade"}

{"data":[{"c":["1"],"p":140.38,"s":"AAPL","t":1665169904994,"v":100},{"c":["1"],"p":140.38,"s":"AAPL","t":1665169904994,"v":100},{"c":["1","12"],"p":140.38,"s":"AAPL","t":1665169904994,"v":51},{"c":["1"],"p":140.38,"s":"AAPL","t":1665169904994,"v":100},{"c":["1","32"],"p":140.4025,"s":"AAPL","t":1665169904689,"v":113},{"c":["1","8"],"p":140.375,"s":"AAPL","t":1665169904994,"v":100},{"c":["1","12"],"p":140.39,"s":"AAPL","t":1665169904997,"v":2},{"c":["1","8","12"],"p":140.38,"s":"AAPL","t":1665169904994,"v":52},{"c":["1","12"],"p":140.38,"s":"AAPL","t":1665169904994,"v":48},{"c":["1"],"p":140.38,"s":"AAPL","t":1665169904994,"v":100}],"type":"trade"}

{"data":[{"c":["1"],"p":140.38,"s":"AAPL","t":1665169904994,"v":100},{"c":["1"],"p":140.37,"s":"AAPL","t":1665169905005,"v":1200},{"c":["1","8"],"p":118.85,"s":"IBM","t":1665169904995,"v":100},{"c":["1","12"],"p":140.39,"s":"AAPL","t":1665169905000,"v":1},{"c":["1"],"p":140.38,"s":"AAPL","t":1665169904994,"v":200},{"c":["1"],"p":140.38,"s":"AAPL","t":1665169904994,"v":100},{"c":["1"],"p":140.38,"s":"AAPL","t":1665169904994,"v":100},{"c":null,"p":19467.25,"s":"BINANCE:BTCUSDT","t":1665169904967,"v":0.00057},{"c":null,"p":19467.2,"s":"BINANCE:BTCUSDT","t":1665169904967,"v":0.00266},{"c":null,"p":19466.49,"s":"BINANCE:BTCUSDT","t":1665169904967,"v":0.00112}],"type":"trade"}

{"data":[{"c":["1","12"],"p":140.1369,"s":"AAPL","t":1665170095867,"v":15},{"c":["1","12"],"p":140.14,"s":"AAPL","t":1665170096120,"v":1},{"c":null,"p":19456.67,"s":"BINANCE:BTCUSDT","t":1665170096183,"v":0.00056},{"c":null,"p":19455.95,"s":"BINANCE:BTCUSDT","t":1665170096200,"v":0.00077},{"c":null,"p":19455.95,"s":"BINANCE:BTCUSDT","t":1665170096200,"v":0.12},{"c":["1","12"],"p":140.13,"s":"AAPL","t":1665170096294,"v":1},{"c":["1"],"p":140.135,"s":"AAPL","t":1665170096306,"v":100},{"c":null,"p":19457.15,"s":"BINANCE:BTCUSDT","t":1665170096326,"v":0.00514},{"c":null,"p":19457.16,"s":"BINANCE:BTCUSDT","t":1665170096326,"v":0.00837},{"c":null,"p":19457.17,"s":"BINANCE:BTCUSDT","t":1665170096326,"v":0.05534}],"type":"trade"}

{"data":[{"c":["1","12"],"p":140.1188,"s":"AAPL","t":1665170155339,"v":1},{"c":null,"p":19443.11,"s":"BINANCE:BTCUSDT","t":1665170155319,"v":0.00292},{"c":null,"p":19443.11,"s":"BINANCE:BTCUSDT","t":1665170155319,"v":0.00501},{"c":null,"p":19443.1,"s":"BINANCE:BTCUSDT","t":1665170155319,"v":0.00838},{"c":null,"p":19443.09,"s":"BINANCE:BTCUSDT","t":1665170155319,"v":0.0073},{"c":["1","8"],"p":140.11,"s":"AAPL","t":1665170156154,"v":100},{"c":["1","8"],"p":140.11,"s":"AAPL","t":1665170156154,"v":100},{"c":["1","8","12"],"p":140.11,"s":"AAPL","t":1665170156154,"v":5},{"c":null,"p":19444.12,"s":"BINANCE:BTCUSDT","t":1665170155383,"v":0.02},{"c":null,"p":19442.91,"s":"BINANCE:BTCUSDT","t":1665170155388,"v":0.00205}],"type":"trade"}

{"data":[{"c":["1","12"],"p":140.115,"s":"AAPL","t":1665170155764,"v":10},{"c":["1","12"],"p":140.12,"s":"AAPL","t":1665170155793,"v":41},{"c":["1"],"p":140.12,"s":"AAPL","t":1665170155887,"v":178},{"c":null,"p":19443.16,"s":"BINANCE:BTCUSDT","t":1665170155884,"v":0.03182},{"c":null,"p":19443.16,"s":"BINANCE:BTCUSDT","t":1665170155895,"v":0.00676},{"c":null,"p":19443.16,"s":"BINANCE:BTCUSDT","t":1665170155895,"v":0.00031},{"c":null,"p":19443.16,"s":"BINANCE:BTCUSDT","t":1665170155897,"v":0.03827},{"c":null,"p":19443.15,"s":"BINANCE:BTCUSDT","t":1665170155897,"v":0.00237},{"c":null,"p":19443.14,"s":"BINANCE:BTCUSDT","t":1665170155897,"v":0.00707},{"c":null,"p":19442.91,"s":"BINANCE:BTCUSDT","t":1665170155897,"v":0.037}],"type":"trade"}

{"data":[{"c":["1","12"],"p":140.1188,"s":"AAPL","t":1665170157124,"v":1},{"c":null,"p":19442.12,"s":"BINANCE:BTCUSDT","t":1665170156663,"v":0.02585},{"c":null,"p":19442.09,"s":"BINANCE:BTCUSDT","t":1665170157111,"v":0.00354},{"c":["1","12"],"p":118.6843,"s":"IBM","t":1665170157214,"v":2},{"c":null,"p":19442.07,"s":"BINANCE:BTCUSDT","t":1665170157172,"v":0.002},{"c":null,"p":19442.12,"s":"BINANCE:BTCUSDT","t":1665170156694,"v":0.01415},{"c":null,"p":19442.42,"s":"BINANCE:BTCUSDT","t":1665170156694,"v":0.02408},{"c":null,"p":19442.1,"s":"BINANCE:BTCUSDT","t":1665170156716,"v":0.02906},{"c":null,"p":19442.41,"s":"BINANCE:BTCUSDT","t":1665170156755,"v":0.02585},{"c":null,"p":19442.42,"s":"BINANCE:BTCUSDT","t":1665170156755,"v":0.001}],"type":"trade"}

{"data":[{"c":["1"],"p":140.12,"s":"AAPL","t":1665170157074,"v":100},{"c":["1"],"p":140.12,"s":"AAPL","t":1665170157074,"v":210},{"c":["1"],"p":140.12,"s":"AAPL","t":1665170157074,"v":100},{"c":["1"],"p":140.12,"s":"AAPL","t":1665170157080,"v":100},{"c":null,"p":19441.01,"s":"BINANCE:BTCUSDT","t":1665170157018,"v":0.00368},{"c":null,"p":19441.01,"s":"BINANCE:BTCUSDT","t":1665170157018,"v":0.00119},{"c":null,"p":19441,"s":"BINANCE:BTCUSDT","t":1665170157018,"v":0.04606},{"c":["1","12"],"p":140.12,"s":"AAPL","t":1665170157093,"v":39},{"c":null,"p":19442.06,"s":"BINANCE:BTCUSDT","t":1665170157200,"v":0.02978},{"c":null,"p":19442.07,"s":"BINANCE:BTCUSDT","t":1665170157233,"v":0.00162}],"type":"trade"}

{"data":[{"c":["1","12"],"p":140.1241,"s":"AAPL","t":1665170158338,"v":1},{"c":["1","8","12"],"p":140.13,"s":"AAPL","t":1665170158345,"v":35},{"c":["1"],"p":140.13,"s":"AAPL","t":1665170158345,"v":100},{"c":["1","8","12"],"p":140.13,"s":"AAPL","t":1665170158345,"v":1},{"c":["1","8"],"p":140.13,"s":"AAPL","t":1665170158345,"v":148},{"c":["1"],"p":140.13,"s":"AAPL","t":1665170158345,"v":552},{"c":["1","12"],"p":140.13,"s":"AAPL","t":1665170158345,"v":1},{"c":["1","12"],"p":140.13,"s":"AAPL","t":1665170158345,"v":1},{"c":["1","12"],"p":140.13,"s":"AAPL","t":1665170158345,"v":1},{"c":["1"],"p":140.13,"s":"AAPL","t":1665170158346,"v":257}],"type":"trade"}

{"data":[{"c":["1"],"p":140.13,"s":"AAPL","t":1665170158347,"v":100},{"c":["1","8"],"p":140.13,"s":"AAPL","t":1665170158354,"v":100},{"c":["1","12"],"p":140.1287,"s":"AAPL","t":1665170158325,"v":20},{"c":null,"p":19442.12,"s":"BINANCE:BTCUSDT","t":1665170158260,"v":0.03832},{"c":["1","8"],"p":140.13,"s":"AAPL","t":1665170158354,"v":200},{"c":["1","8"],"p":140.13,"s":"AAPL","t":1665170158354,"v":100},{"c":["1","8"],"p":140.13,"s":"AAPL","t":1665170158354,"v":100},{"c":["1","8"],"p":140.13,"s":"AAPL","t":1665170158354,"v":100},{"c":["1","8"],"p":140.13,"s":"AAPL","t":1665170158354,"v":300},{"c":["1","8","12"],"p":140.13,"s":"AAPL","t":1665170158354,"v":46}],"type":"trade"}

{"data":[{"c":["1","8"],"p":140.13,"s":"AAPL","t":1665170158354,"v":100},{"c":["1","8"],"p":140.13,"s":"AAPL","t":1665170158354,"v":100},{"c":["1","12"],"p":140.1286,"s":"AAPL","t":1665170158358,"v":78},{"c":null,"p":19442.08,"s":"BINANCE:BTCUSDT","t":1665170158299,"v":0.02716},{"c":null,"p":19441.22,"s":"BINANCE:BTCUSDT","t":1665170158414,"v":0.00057},{"c":null,"p":19441.04,"s":"BINANCE:BTCUSDT","t":1665170158414,"v":0.00047},{"c":null,"p":19442.03,"s":"BINANCE:BTCUSDT","t":1665170158416,"v":0.09944},{"c":null,"p":19442.04,"s":"BINANCE:BTCUSDT","t":1665170158421,"v":0.00272},{"c":null,"p":19442.06,"s":"BINANCE:BTCUSDT","t":1665170158421,"v":0.00999},{"c":null,"p":19442.06,"s":"BINANCE:BTCUSDT","t":1665170158421,"v":0.036}],"type":"trade"}

{"data":[{"c":["1","12"],"p":140.125,"s":"AAPL","t":1665170159034,"v":1},{"c":null,"p":19442.58,"s":"BINANCE:BTCUSDT","t":1665170159042,"v":0.03446},{"c":["1"],"p":140.1299,"s":"AAPL","t":1665170159173,"v":100},{"c":null,"p":19442.58,"s":"BINANCE:BTCUSDT","t":1665170159118,"v":0.01541}],"type":"trade"}

{"data":[{"c":["1","12"],"p":140.135,"s":"AAPL","t":1665170159929,"v":6},{"c":["1","12"],"p":140.1399,"s":"AAPL","t":1665170159931,"v":6},{"c":null,"p":19441.87,"s":"BINANCE:BTCUSDT","t":1665170159947,"v":0.00481},{"c":["1"],"p":140.1301,"s":"AAPL","t":1665170160010,"v":272},{"c":["1"],"p":140.1301,"s":"AAPL","t":1665170160010,"v":2126},{"c":["1"],"p":140.1301,"s":"AAPL","t":1665170160010,"v":1602},{"c":null,"p":19442.12,"s":"BINANCE:BTCUSDT","t":1665170159956,"v":0.00417},{"c":null,"p":19442.12,"s":"BINANCE:BTCUSDT","t":1665170159957,"v":0.00123},{"c":null,"p":19442.12,"s":"BINANCE:BTCUSDT","t":1665170159957,"v":0.0009},{"c":null,"p":19441.87,"s":"BINANCE:BTCUSDT","t":1665170159970,"v":0.00099}],"type":"trade"}

{"data":[{"c":["1","12"],"p":140.135,"s":"AAPL","t":1665170160414,"v":1},{"c":null,"p":19444.17,"s":"BINANCE:BTCUSDT","t":1665170160581,"v":0.06274},{"c":null,"p":19444.16,"s":"BINANCE:BTCUSDT","t":1665170160581,"v":0.07194},{"c":null,"p":19444.16,"s":"BINANCE:BTCUSDT","t":1665170160587,"v":0.02806},{"c":null,"p":19444.14,"s":"BINANCE:BTCUSDT","t":1665170160587,"v":0.01194},{"c":null,"p":19444.18,"s":"BINANCE:BTCUSDT","t":1665170160600,"v":0.00051},{"c":null,"p":19445.49,"s":"BINANCE:BTCUSDT","t":1665170160602,"v":0.00056},{"c":null,"p":19445.32,"s":"BINANCE:BTCUSDT","t":1665170160671,"v":0.02883},{"c":null,"p":19444.19,"s":"BINANCE:BTCUSDT","t":1665170160680,"v":0.00051},{"c":["1","12"],"p":140.14,"s":"AAPL","t":1665170160798,"v":11}],"type":"trade"}

{"data":[{"c":["1","8"],"p":140.13,"s":"AAPL","t":1665170161149,"v":100},{"c":["1","8"],"p":140.13,"s":"AAPL","t":1665170161149,"v":100},{"c":["1","8"],"p":140.13,"s":"AAPL","t":1665170161149,"v":100},{"c":["1","8","12"],"p":140.13,"s":"AAPL","t":1665170161149,"v":34},{"c":["1","8"],"p":140.13,"s":"AAPL","t":1665170161149,"v":144},{"c":["1","8"],"p":140.13,"s":"AAPL","t":1665170161149,"v":100},{"c":["1","8"],"p":140.13,"s":"AAPL","t":1665170161149,"v":100},{"c":["1","8"],"p":140.13,"s":"AAPL","t":1665170161149,"v":100},{"c":["1","8"],"p":140.13,"s":"AAPL","t":1665170161149,"v":200},{"c":["1","8","12"],"p":140.13,"s":"AAPL","t":1665170161149,"v":82}],"type":"trade"}

{"data":[{"c":["1","8","12"],"p":140.13,"s":"AAPL","t":1665170161149,"v":18},{"c":["1","8"],"p":140.13,"s":"AAPL","t":1665170161149,"v":110},{"c":["1","8"],"p":140.12,"s":"AAPL","t":1665170161161,"v":100},{"c":["1","8","12"],"p":140.12,"s":"AAPL","t":1665170161161,"v":26},{"c":["1","8","12"],"p":140.12,"s":"AAPL","t":1665170161161,"v":1},{"c":["1","8"],"p":140.12,"s":"AAPL","t":1665170161161,"v":100},{"c":["1","8","12"],"p":140.12,"s":"AAPL","t":1665170161161,"v":2},{"c":["1","8","12"],"p":140.12,"s":"AAPL","t":1665170161161,"v":78},{"c":["1","8"],"p":140.12,"s":"AAPL","t":1665170161161,"v":100},{"c":["1","8"],"p":140.12,"s":"AAPL","t":1665170161161,"v":100}],"type":"trade"}

{"data":[{"c":["1","8","12"],"p":140.12,"s":"AAPL","t":1665170161161,"v":17},{"c":["1","8"],"p":140.12,"s":"AAPL","t":1665170161161,"v":100},{"c":["1","8"],"p":140.12,"s":"AAPL","t":1665170161161,"v":100},{"c":["1","8"],"p":140.12,"s":"AAPL","t":1665170161161,"v":100},{"c":null,"p":19445.14,"s":"BINANCE:BTCUSDT","t":1665170161093,"v":0.00169},{"c":null,"p":19445.14,"s":"BINANCE:BTCUSDT","t":1665170161096,"v":0.00056},{"c":["1","12"],"p":140.12,"s":"AAPL","t":1665170161162,"v":78},{"c":["1","12"],"p":140.12,"s":"AAPL","t":1665170161162,"v":22},{"c":["1","12"],"p":140.12,"s":"AAPL","t":1665170161162,"v":78},{"c":["1","8","12"],"p":140.12,"s":"AAPL","t":1665170161163,"v":22}],"type":"trade"}

{"data":[{"c":["1","12"],"p":140.11,"s":"AAPL","t":1665170161310,"v":77},{"c":["1","8","12"],"p":140.11,"s":"AAPL","t":1665170161310,"v":34},{"c":["1","12"],"p":118.68,"s":"IBM","t":1665170161311,"v":5},{"c":["1","12"],"p":118.68,"s":"IBM","t":1665170161311,"v":4},{"c":null,"p":19443.17,"s":"BINANCE:BTCUSDT","t":1665170161247,"v":0.00684},{"c":["1","8","12"],"p":140.11,"s":"AAPL","t":1665170161311,"v":66},{"c":null,"p":19443.14,"s":"BINANCE:BTCUSDT","t":1665170161247,"v":0.2349},{"c":null,"p":19443.13,"s":"BINANCE:BTCUSDT","t":1665170161247,"v":0.08626},{"c":null,"p":19443.12,"s":"BINANCE:BTCUSDT","t":1665170161247,"v":0.01809},{"c":null,"p":19442.95,"s":"BINANCE:BTCUSDT","t":1665170161247,"v":0.05063}],"type":"trade"}

{"data":[{"c":["1","8","12"],"p":140.11,"s":"AAPL","t":1665170161348,"v":20},{"c":["1","8"],"p":140.11,"s":"AAPL","t":1665170161348,"v":100},{"c":["1","8","12"],"p":140.11,"s":"AAPL","t":1665170161366,"v":1},{"c":null,"p":19444.36,"s":"BINANCE:BTCUSDT","t":1665170161310,"v":0.19796},{"c":null,"p":19444.35,"s":"BINANCE:BTCUSDT","t":1665170161324,"v":0.00051},{"c":["1","12"],"p":140.11,"s":"AAPL","t":1665170161398,"v":12},{"c":null,"p":19443.22,"s":"BINANCE:BTCUSDT","t":1665170161375,"v":0.00246},{"c":null,"p":19442.95,"s":"BINANCE:BTCUSDT","t":1665170161375,"v":0.00513},{"c":null,"p":19442.91,"s":"BINANCE:BTCUSDT","t":1665170161375,"v":0.00675},{"c":null,"p":19442.6,"s":"BINANCE:BTCUSDT","t":1665170161375,"v":0.03531}],"type":"trade"}

{"data":[{"c":["1","32"],"p":140.2385,"s":"AAPL","t":1665170161747,"v":100},{"c":null,"p":19443.46,"s":"BINANCE:BTCUSDT","t":1665170161971,"v":0.03924},{"c":null,"p":19443.46,"s":"BINANCE:BTCUSDT","t":1665170161985,"v":0.00051},{"c":null,"p":19443.46,"s":"BINANCE:BTCUSDT","t":1665170161993,"v":0.00814},{"c":["1"],"p":140.1199,"s":"AAPL","t":1665170162075,"v":1000},{"c":null,"p":19442.24,"s":"BINANCE:BTCUSDT","t":1665170162053,"v":0.00051},{"c":null,"p":19442.24,"s":"BINANCE:BTCUSDT","t":1665170162083,"v":0.00323},{"c":null,"p":19441.99,"s":"BINANCE:BTCUSDT","t":1665170162083,"v":0.0064},{"c":null,"p":19441.98,"s":"BINANCE:BTCUSDT","t":1665170162083,"v":0.00123},{"c":null,"p":19441.98,"s":"BINANCE:BTCUSDT","t":1665170162083,"v":0.0018}],"type":"trade"}

{"data":[{"c":["1","12"],"p":140.1158,"s":"AAPL","t":1665170162406,"v":20}],"type":"trade"}

{"data":[{"c":["1"],"p":140.12,"s":"AAPL","t":1665170162553,"v":100},{"c":["1"],"p":140.12,"s":"AAPL","t":1665170162553,"v":100},{"c":["1"],"p":140.12,"s":"AAPL","t":1665170162553,"v":100},{"c":["1"],"p":140.12,"s":"AAPL","t":1665170162553,"v":100},{"c":["1"],"p":140.12,"s":"AAPL","t":1665170162553,"v":100},{"c":["1"],"p":140.12,"s":"AAPL","t":1665170162553,"v":100},{"c":["1"],"p":140.12,"s":"AAPL","t":1665170162553,"v":100},{"c":["1"],"p":140.12,"s":"AAPL","t":1665170162553,"v":100},{"c":["1"],"p":140.12,"s":"AAPL","t":1665170162553,"v":100},{"c":["1","12"],"p":140.12,"s":"AAPL","t":1665170162553,"v":5}],"type":"trade"}

{"data":[{"c":["1"],"p":140.12,"s":"AAPL","t":1665170162553,"v":100},{"c":["1","12"],"p":140.12,"s":"AAPL","t":1665170162553,"v":66},{"c":["1","12"],"p":140.12,"s":"AAPL","t":1665170162553,"v":1},{"c":["1","12"],"p":140.12,"s":"AAPL","t":1665170162553,"v":1},{"c":["1","12"],"p":140.12,"s":"AAPL","t":1665170162553,"v":1},{"c":["1","12"],"p":140.12,"s":"AAPL","t":1665170162553,"v":1},{"c":["1","12"],"p":140.12,"s":"AAPL","t":1665170162553,"v":1},{"c":["1","12"],"p":140.12,"s":"AAPL","t":1665170162553,"v":1},{"c":["1","12"],"p":140.12,"s":"AAPL","t":1665170162553,"v":1},{"c":["1","12"],"p":140.12,"s":"AAPL","t":1665170162553,"v":1}],"type":"trade"}

{"data":[{"c":["1"],"p":140.12,"s":"AAPL","t":1665170162553,"v":100},{"c":["1"],"p":140.115,"s":"AAPL","t":1665170162553,"v":100},{"c":["1","12"],"p":140.12,"s":"AAPL","t":1665170162553,"v":34},{"c":["1"],"p":140.12,"s":"AAPL","t":1665170162553,"v":300},{"c":["1","12"],"p":140.12,"s":"AAPL","t":1665170162553,"v":12},{"c":["1"],"p":140.12,"s":"AAPL","t":1665170162553,"v":100},{"c":["1","12"],"p":140.12,"s":"AAPL","t":1665170162553,"v":97},{"c":["1","12"],"p":140.12,"s":"AAPL","t":1665170162553,"v":10},{"c":null,"p":0.973415,"s":"IC MARKETS:1","t":1665170161492,"v":0},{"c":null,"p":19443.17,"s":"BINANCE:BTCUSDT","t":1665170162542,"v":0.00051}],"type":"trade"}

{"data":[{"c":["1","12"],"p":140.12,"s":"AAPL","t":1665170162627,"v":39},{"c":null,"p":19442.93,"s":"BINANCE:BTCUSDT","t":1665170162605,"v":0.00051},{"c":null,"p":19442.93,"s":"BINANCE:BTCUSDT","t":1665170162626,"v":0.00898},{"c":["1","12"],"p":140.12,"s":"AAPL","t":1665170162553,"v":1},{"c":null,"p":19442.04,"s":"BINANCE:BTCUSDT","t":1665170162635,"v":0.00374},{"c":["1","12"],"p":140.1288,"s":"AAPL","t":1665170162712,"v":1},{"c":null,"p":19442.04,"s":"BINANCE:BTCUSDT","t":1665170162668,"v":0.00051},{"c":null,"p":19442.93,"s":"BINANCE:BTCUSDT","t":1665170162677,"v":0.00051},{"c":null,"p":19443.16,"s":"BINANCE:BTCUSDT","t":1665170162677,"v":0.01495},{"c":["1","12"],"p":118.69,"s":"IBM","t":1665170162760,"v":15}],"type":"trade"}

{"data":[{"c":["1","8"],"p":140.13,"s":"AAPL","t":1665170163438,"v":100},{"c":["1","8"],"p":140.13,"s":"AAPL","t":1665170163438,"v":100},{"c":["1","12"],"p":140.1223,"s":"AAPL","t":1665170163442,"v":28},{"c":["1","8","12"],"p":140.13,"s":"AAPL","t":1665170163457,"v":36},{"c":["1","12"],"p":140.14,"s":"AAPL","t":1665170163457,"v":1},{"c":null,"p":19442.12,"s":"BINANCE:BTCUSDT","t":1665170163388,"v":0.00427},{"c":null,"p":19441.49,"s":"BINANCE:BTCUSDT","t":1665170163388,"v":0.01093},{"c":null,"p":19441.48,"s":"BINANCE:BTCUSDT","t":1665170163388,"v":0.0235},{"c":null,"p":19441.34,"s":"BINANCE:BTCUSDT","t":1665170163388,"v":0.0849},{"c":null,"p":19441.33,"s":"BINANCE:BTCUSDT","t":1665170163388,"v":0.22697}],"type":"trade"}

{"data":[{"c":["1","12"],"p":140.14,"s":"AAPL","t":1665170164350,"v":23},{"c":["1"],"p":140.14,"s":"AAPL","t":1665170164349,"v":769},{"c":["1","8","12"],"p":140.14,"s":"AAPL","t":1665170164350,"v":77},{"c":["1","8"],"p":140.14,"s":"AAPL","t":1665170164350,"v":171},{"c":["1","12"],"p":140.14,"s":"AAPL","t":1665170164350,"v":29},{"c":["1"],"p":140.14,"s":"AAPL","t":1665170164350,"v":100},{"c":["1"],"p":140.14,"s":"AAPL","t":1665170164350,"v":100},{"c":["1","12"],"p":140.14,"s":"AAPL","t":1665170164350,"v":29},{"c":null,"p":19442.89,"s":"BINANCE:BTCUSDT","t":1665170164322,"v":0.00056},{"c":["1"],"p":140.14,"s":"AAPL","t":1665170164433,"v":100}],"type":"trade"}

{"data":[{"c":["1","12"],"p":140.14,"s":"AAPL","t":1665170164466,"v":1},{"c":["1","12"],"p":140.15,"s":"AAPL","t":1665170164519,"v":1},{"c":["1","12"],"p":140.145,"s":"AAPL","t":1665170164519,"v":1},{"c":["1"],"p":140.145,"s":"AAPL","t":1665170164520,"v":100},{"c":["1","8"],"p":140.14,"s":"AAPL","t":1665170164520,"v":200},{"c":["1","8"],"p":140.14,"s":"AAPL","t":1665170164520,"v":145},{"c":["1","8"],"p":140.14,"s":"AAPL","t":1665170164520,"v":100},{"c":["1","8"],"p":140.14,"s":"AAPL","t":1665170164520,"v":100},{"c":null,"p":19442.86,"s":"BINANCE:BTCUSDT","t":1665170164456,"v":0.00551},{"c":null,"p":19442.86,"s":"BINANCE:BTCUSDT","t":1665170164456,"v":0.31615}],"type":"trade"}

{"data":[{"c":["1","12"],"p":140.1392,"s":"AAPL","t":1665170164593,"v":30},{"c":null,"p":19443.07,"s":"BINANCE:BTCUSDT","t":1665170164540,"v":0.00514},{"c":["1","12"],"p":140.135,"s":"AAPL","t":1665170164659,"v":15},{"c":["1"],"p":118.7,"s":"IBM","t":1665170164723,"v":100},{"c":["1"],"p":140.135,"s":"AAPL","t":1665170164759,"v":100},{"c":["1"],"p":140.135,"s":"AAPL","t":1665170164759,"v":100},{"c":["1"],"p":140.135,"s":"AAPL","t":1665170164763,"v":100},{"c":["1"],"p":140.135,"s":"AAPL","t":1665170164767,"v":100},{"c":null,"p":19443.07,"s":"BINANCE:BTCUSDT","t":1665170164808,"v":0.00056},{"c":null,"p":19443.07,"s":"BINANCE:BTCUSDT","t":1665170164822,"v":0.03683}],"type":"trade"}

