{"data":[{"c":null,"p":19280.33,"s":"BINANCE:BTCUSDT","t":1664697132764,"v":0.00638},{"c":null,"p":19280.34,"s":"BINANCE:BTCUSDT","t":1664697132764,"v":0.02612},{"c":null,"p":19280.34,"s":"BINANCE:BTCUSDT","t":1664697132765,"v":0.0085}],"type":"trade"}

{"data":[{"c":null,"p":19280.11,"s":"BINANCE:BTCUSDT","t":1664697132909,"v":0.01},{"c":null,"p":19280.32,"s":"BINANCE:BTCUSDT","t":1664697132929,"v":0.00319},{"c":null,"p":19280.33,"s":"BINANCE:BTCUSDT","t":1664697132929,"v":0.00681},{"c":null,"p":19280.11,"s":"BINANCE:BTCUSDT","t":1664697132933,"v":0.00517},{"c":null,"p":19280.23,"s":"BINANCE:BTCUSDT","t":1664697133593,"v":0.01},{"c":null,"p":19280.22,"s":"BINANCE:BTCUSDT","t":1664697133625,"v":0.00057},{"c":null,"p":19280.23,"s":"BINANCE:BTCUSDT","t":1664697133632,"v":0.02694},{"c":null,"p":19280.31,"s":"BINANCE:BTCUSDT","t":1664697133644,"v":0.00363},{"c":null,"p":19280.31,"s":"BINANCE:BTCUSDT","t":1664697133655,"v":0.01},{"c":null,"p":19280.31,"s":"BINANCE:BTCUSDT","t":1664697133655,"v":0.039}],"type":"trade"}

{"data":[{"c":null,"p":19280.31,"s":"BINANCE:BTCUSDT","t":1664697133655,"v":0.06544},{"c":null,"p":19280.3,"s":"BINANCE:BTCUSDT","t":1664697133672,"v":0.00159},{"c":null,"p":19280.3,"s":"BINANCE:BTCUSDT","t":1664697133672,"v":0.00769},{"c":null,"p":19280.32,"s":"BINANCE:BTCUSDT","t":1664697133672,"v":0.13118},{"c":null,"p":19280.32,"s":"BINANCE:BTCUSDT","t":1664697133672,"v":0.07317},{"c":null,"p":19280.32,"s":"BINANCE:BTCUSDT","t":1664697133673,"v":0.1},{"c":null,"p":19280.32,"s":"BINANCE:BTCUSDT","t":1664697133676,"v":0.00769},{"c":null,"p":19280.34,"s":"BINANCE:BTCUSDT","t":1664697133683,"v":0.21219},{"c":null,"p":19280.34,"s":"BINANCE:BTCUSDT","t":1664697133683,"v":0.1},{"c":null,"p":19280.34,"s":"BINANCE:BTCUSDT","t":1664697133685,"v":1.09384}],"type":"trade"}

{"data":[{"c":null,"p":19280.52,"s":"BINANCE:BTCUSDT","t":1664697133697,"v":0.00268},{"c":null,"p":19280.78,"s":"BINANCE:BTCUSDT","t":1664697133697,"v":0.00689},{"c":null,"p":19280.93,"s":"BINANCE:BTCUSDT","t":1664697133697,"v":0.00057},{"c":null,"p":19281,"s":"BINANCE:BTCUSDT","t":1664697133697,"v":0.01481},{"c":null,"p":19281.03,"s":"BINANCE:BTCUSDT","t":1664697133705,"v":0.00104},{"c":null,"p":19281.03,"s":"BINANCE:BTCUSDT","t":1664697133705,"v":1.41754},{"c":null,"p":19281.04,"s":"BINANCE:BTCUSDT","t":1664697133705,"v":0.14864},{"c":null,"p":19281.04,"s":"BINANCE:BTCUSDT","t":1664697133705,"v":0.06},{"c":null,"p":19281.04,"s":"BINANCE:BTCUSDT","t":1664697133718,"v":0.89054},{"c":null,"p":19281.12,"s":"BINANCE:BTCUSDT","t":1664697133718,"v":0.04}],"type":"trade"}

{"data":[{"c":null,"p":19281.11,"s":"BINANCE:BTCUSDT","t":1664697133731,"v":0.00233},{"c":null,"p":19281.11,"s":"BINANCE:BTCUSDT","t":1664697133740,"v":0.02183},{"c":null,"p":19281.12,"s":"BINANCE:BTCUSDT","t":1664697133740,"v":1.09388},{"c":null,"p":19281.12,"s":"BINANCE:BTCUSDT","t":1664697133753,"v":0.00233},{"c":null,"p":19281.12,"s":"BINANCE:BTCUSDT","t":1664697133766,"v":0.00233}],"type":"trade"}

{"data":[{"c":null,"p":19281.01,"s":"BINANCE:BTCUSDT","t":1664697133779,"v":0.025},{"c":null,"p":19280.51,"s":"BINANCE:BTCUSDT","t":1664697133822,"v":0.02456},{"c":null,"p":19280.53,"s":"BINANCE:BTCUSDT","t":1664697133973,"v":0.01},{"c":null,"p":19280.66,"s":"BINANCE:BTCUSDT","t":1664697133974,"v":0.00077},{"c":null,"p":19280.66,"s":"BINANCE:BTCUSDT","t":1664697133986,"v":0.00286},{"c":null,"p":19280.54,"s":"BINANCE:BTCUSDT","t":1664697134027,"v":0.02339},{"c":null,"p":19281.04,"s":"BINANCE:BTCUSDT","t":1664697134292,"v":0.078},{"c":null,"p":19281.09,"s":"BINANCE:BTCUSDT","t":1664697134292,"v":0.01},{"c":null,"p":19281.13,"s":"BINANCE:BTCUSDT","t":1664697134292,"v":0.00233},{"c":null,"p":19281.36,"s":"BINANCE:BTCUSDT","t":1664697134295,"v":0.1}],"type":"trade"}

{"data":[{"c":null,"p":19281.44,"s":"BINANCE:BTCUSDT","t":1664697134295,"v":0.1},{"c":null,"p":19281.48,"s":"BINANCE:BTCUSDT","t":1664697134295,"v":0.06544},{"c":null,"p":19281.49,"s":"BINANCE:BTCUSDT","t":1664697134295,"v":0.10527},{"c":null,"p":19281.49,"s":"BINANCE:BTCUSDT","t":1664697134297,"v":0.15404},{"c":null,"p":19281.51,"s":"BINANCE:BTCUSDT","t":1664697134297,"v":0.02179},{"c":null,"p":19281.69,"s":"BINANCE:BTCUSDT","t":1664697134297,"v":0.00056},{"c":null,"p":19281.77,"s":"BINANCE:BTCUSDT","t":1664697134297,"v":0.00633},{"c":null,"p":19281.79,"s":"BINANCE:BTCUSDT","t":1664697134297,"v":0.0013},{"c":null,"p":19281.95,"s":"BINANCE:BTCUSDT","t":1664697134297,"v":0.00761},{"c":null,"p":19281.98,"s":"BINANCE:BTCUSDT","t":1664697134297,"v":0.00057}],"type":"trade"}

{"data":[{"c":null,"p":19282,"s":"BINANCE:BTCUSDT","t":1664697134297,"v":0.01051},{"c":null,"p":19282,"s":"BINANCE:BTCUSDT","t":1664697134297,"v":0.00073},{"c":null,"p":19282.03,"s":"BINANCE:BTCUSDT","t":1664697134304,"v":0.00057},{"c":null,"p":19281.3,"s":"BINANCE:BTCUSDT","t":1664697134325,"v":0.00057},{"c":null,"p":19282.03,"s":"BINANCE:BTCUSDT","t":1664697134365,"v":0.00047},{"c":null,"p":19282.11,"s":"BINANCE:BTCUSDT","t":1664697134365,"v":0.00399},{"c":null,"p":19282.12,"s":"BINANCE:BTCUSDT","t":1664697134365,"v":0.04576},{"c":null,"p":19282.3,"s":"BINANCE:BTCUSDT","t":1664697134365,"v":0.22498},{"c":null,"p":19281.49,"s":"BINANCE:BTCUSDT","t":1664697134402,"v":0.025},{"c":null,"p":19281.53,"s":"BINANCE:BTCUSDT","t":1664697134433,"v":0.025}],"type":"trade"}

{"data":[{"c":null,"p":19281.48,"s":"BINANCE:BTCUSDT","t":1664697134676,"v":0.01},{"c":null,"p":19281.51,"s":"BINANCE:BTCUSDT","t":1664697134711,"v":0.01},{"c":null,"p":19281.54,"s":"BINANCE:BTCUSDT","t":1664697134764,"v":0.01},{"c":null,"p":19281.54,"s":"BINANCE:BTCUSDT","t":1664697134764,"v":0.01},{"c":null,"p":19281.54,"s":"BINANCE:BTCUSDT","t":1664697134764,"v":0.016}],"type":"trade"}

{"data":[{"c":null,"p":19281.44,"s":"BINANCE:BTCUSDT","t":1664697134783,"v":0.00759},{"c":null,"p":19281.43,"s":"BINANCE:BTCUSDT","t":1664697134783,"v":0.03141},{"c":null,"p":19281.43,"s":"BINANCE:BTCUSDT","t":1664697134818,"v":0.00759},{"c":null,"p":19281.38,"s":"BINANCE:BTCUSDT","t":1664697134935,"v":0.02},{"c":null,"p":19281.04,"s":"BINANCE:BTCUSDT","t":1664697135005,"v":0.02416},{"c":null,"p":19281.05,"s":"BINANCE:BTCUSDT","t":1664697135124,"v":0.01},{"c":null,"p":19281.49,"s":"BINANCE:BTCUSDT","t":1664697135262,"v":0.00766},{"c":null,"p":19281.5,"s":"BINANCE:BTCUSDT","t":1664697135484,"v":0.09173},{"c":null,"p":19281.5,"s":"BINANCE:BTCUSDT","t":1664697135570,"v":0.00676},{"c":null,"p":19281.5,"s":"BINANCE:BTCUSDT","t":1664697135570,"v":0.02451}],"type":"trade"}

{"data":[{"c":null,"p":19281.49,"s":"BINANCE:BTCUSDT","t":1664697135570,"v":0.11854},{"c":null,"p":19281.49,"s":"BINANCE:BTCUSDT","t":1664697135570,"v":0.28349},{"c":null,"p":19281.49,"s":"BINANCE:BTCUSDT","t":1664697135571,"v":0.02308},{"c":null,"p":19281.04,"s":"BINANCE:BTCUSDT","t":1664697135583,"v":0.01},{"c":null,"p":19281.03,"s":"BINANCE:BTCUSDT","t":1664697135583,"v":0.00104},{"c":null,"p":19280.96,"s":"BINANCE:BTCUSDT","t":1664697135583,"v":0.00332},{"c":null,"p":19280.89,"s":"BINANCE:BTCUSDT","t":1664697135599,"v":0.02},{"c":null,"p":19280.88,"s":"BINANCE:BTCUSDT","t":1664697135599,"v":0.31204},{"c":null,"p":19280.89,"s":"BINANCE:BTCUSDT","t":1664697135608,"v":0.01},{"c":null,"p":19280.87,"s":"BINANCE:BTCUSDT","t":1664697135611,"v":0.2}],"type":"trade"}

{"data":[{"c":null,"p":19280.87,"s":"BINANCE:BTCUSDT","t":1664697135616,"v":0.1},{"c":null,"p":19280.87,"s":"BINANCE:BTCUSDT","t":1664697135638,"v":0.00591},{"c":null,"p":19280.87,"s":"BINANCE:BTCUSDT","t":1664697135640,"v":0.52245},{"c":null,"p":19281.3,"s":"BINANCE:BTCUSDT","t":1664697135655,"v":0.00073},{"c":null,"p":19281.3,"s":"BINANCE:BTCUSDT","t":1664697135669,"v":0.01437},{"c":null,"p":19280.85,"s":"BINANCE:BTCUSDT","t":1664697135679,"v":0.00591},{"c":null,"p":19280.85,"s":"BINANCE:BTCUSDT","t":1664697135700,"v":0.00591},{"c":null,"p":19280.85,"s":"BINANCE:BTCUSDT","t":1664697135732,"v":0.00084},{"c":null,"p":19280.84,"s":"BINANCE:BTCUSDT","t":1664697135732,"v":0.00507},{"c":null,"p":19281.16,"s":"BINANCE:BTCUSDT","t":1664697135752,"v":0.00057}],"type":"trade"}

{"data":[{"c":null,"p":19281.29,"s":"BINANCE:BTCUSDT","t":1664697135752,"v":0.00169},{"c":null,"p":19281.3,"s":"BINANCE:BTCUSDT","t":1664697135752,"v":0.00137},{"c":null,"p":19280.84,"s":"BINANCE:BTCUSDT","t":1664697135768,"v":0.00084}],"type":"trade"}

{"data":[{"c":null,"p":19281.15,"s":"BINANCE:BTCUSDT","t":1664697135812,"v":0.00084},{"c":null,"p":19281.49,"s":"BINANCE:BTCUSDT","t":1664697135919,"v":0.01},{"c":null,"p":19281.15,"s":"BINANCE:BTCUSDT","t":1664697135919,"v":0.01085},{"c":null,"p":19281.15,"s":"BINANCE:BTCUSDT","t":1664697135953,"v":0.01},{"c":null,"p":19281.49,"s":"BINANCE:BTCUSDT","t":1664697135972,"v":0.01722},{"c":null,"p":19281.5,"s":"BINANCE:BTCUSDT","t":1664697135972,"v":0.01},{"c":null,"p":19281.51,"s":"BINANCE:BTCUSDT","t":1664697135972,"v":0.001},{"c":null,"p":19281.51,"s":"BINANCE:BTCUSDT","t":1664697135972,"v":0.01},{"c":null,"p":19281.79,"s":"BINANCE:BTCUSDT","t":1664697135972,"v":0.00332},{"c":null,"p":19282.03,"s":"BINANCE:BTCUSDT","t":1664697135972,"v":0.00104}],"type":"trade"}

{"data":[{"c":null,"p":19282.06,"s":"BINANCE:BTCUSDT","t":1664697135972,"v":0.10862},{"c":null,"p":19282.15,"s":"BINANCE:BTCUSDT","t":1664697135972,"v":0.00759},{"c":null,"p":19282.15,"s":"BINANCE:BTCUSDT","t":1664697135972,"v":0.1},{"c":null,"p":19282.16,"s":"BINANCE:BTCUSDT","t":1664697135972,"v":0.00199},{"c":null,"p":19282.18,"s":"BINANCE:BTCUSDT","t":1664697135972,"v":0.31204},{"c":null,"p":19281.49,"s":"BINANCE:BTCUSDT","t":1664697136077,"v":0.00295},{"c":null,"p":19281.48,"s":"BINANCE:BTCUSDT","t":1664697136081,"v":0.01},{"c":null,"p":19281.48,"s":"BINANCE:BTCUSDT","t":1664697136164,"v":0.015},{"c":null,"p":19281.48,"s":"BINANCE:BTCUSDT","t":1664697136164,"v":0.06612},{"c":null,"p":19281.17,"s":"BINANCE:BTCUSDT","t":1664697136223,"v":0.00159}],"type":"trade"}

{"data":[{"c":null,"p":19281.58,"s":"BINANCE:BTCUSDT","t":1664697136262,"v":0.00589},{"c":null,"p":19281.18,"s":"BINANCE:BTCUSDT","t":1664697136304,"v":0.00527},{"c":null,"p":19281.17,"s":"BINANCE:BTCUSDT","t":1664697136304,"v":0.05375},{"c":null,"p":19281.55,"s":"BINANCE:BTCUSDT","t":1664697136398,"v":0.00527},{"c":null,"p":19281.55,"s":"BINANCE:BTCUSDT","t":1664697136480,"v":0.00473},{"c":null,"p":19281.56,"s":"BINANCE:BTCUSDT","t":1664697136540,"v":0.00411},{"c":null,"p":19281.56,"s":"BINANCE:BTCUSDT","t":1664697136540,"v":0.01},{"c":null,"p":19281.56,"s":"BINANCE:BTCUSDT","t":1664697136540,"v":0.15579},{"c":null,"p":19281.2,"s":"BINANCE:BTCUSDT","t":1664697136542,"v":0.00759},{"c":null,"p":19281.19,"s":"BINANCE:BTCUSDT","t":1664697136542,"v":0.10324}],"type":"trade"}

{"data":[{"c":null,"p":19281.62,"s":"BINANCE:BTCUSDT","t":1664697136562,"v":0.00693},{"c":null,"p":19281.63,"s":"BINANCE:BTCUSDT","t":1664697136598,"v":0.00057},{"c":null,"p":19281.96,"s":"BINANCE:BTCUSDT","t":1664697136598,"v":0.00363},{"c":null,"p":19282.27,"s":"BINANCE:BTCUSDT","t":1664697136598,"v":0.00206},{"c":null,"p":19282.28,"s":"BINANCE:BTCUSDT","t":1664697136598,"v":0.02},{"c":null,"p":19282.3,"s":"BINANCE:BTCUSDT","t":1664697136598,"v":0.00057},{"c":null,"p":19282.31,"s":"BINANCE:BTCUSDT","t":1664697136598,"v":0.0013},{"c":null,"p":19282.41,"s":"BINANCE:BTCUSDT","t":1664697136598,"v":0.31204},{"c":null,"p":19282.41,"s":"BINANCE:BTCUSDT","t":1664697136598,"v":0.10862},{"c":null,"p":19282.42,"s":"BINANCE:BTCUSDT","t":1664697136598,"v":0.2593}],"type":"trade"}

{"data":[{"c":null,"p":19282.48,"s":"BINANCE:BTCUSDT","t":1664697136598,"v":0.10235},{"c":null,"p":19282.66,"s":"BINANCE:BTCUSDT","t":1664697136609,"v":0.03661},{"c":null,"p":19282.7,"s":"BINANCE:BTCUSDT","t":1664697136609,"v":0.01572},{"c":null,"p":19282.74,"s":"BINANCE:BTCUSDT","t":1664697136609,"v":0.1},{"c":null,"p":19282.98,"s":"BINANCE:BTCUSDT","t":1664697136609,"v":0.00259},{"c":null,"p":19282.98,"s":"BINANCE:BTCUSDT","t":1664697136609,"v":0.00259},{"c":null,"p":19283,"s":"BINANCE:BTCUSDT","t":1664697136609,"v":0.01},{"c":null,"p":19282.45,"s":"BINANCE:BTCUSDT","t":1664697136627,"v":0.025},{"c":null,"p":19282.43,"s":"BINANCE:BTCUSDT","t":1664697136663,"v":0.00817},{"c":null,"p":19282.59,"s":"BINANCE:BTCUSDT","t":1664697136711,"v":0.00295}],"type":"trade"}

{"data":[{"c":null,"p":19282.43,"s":"BINANCE:BTCUSDT","t":1664697136835,"v":0.00572},{"c":null,"p":19282.42,"s":"BINANCE:BTCUSDT","t":1664697137076,"v":0.025},{"c":null,"p":19281.88,"s":"BINANCE:BTCUSDT","t":1664697137076,"v":0.0013},{"c":null,"p":19281.77,"s":"BINANCE:BTCUSDT","t":1664697137076,"v":0.02},{"c":null,"p":19281.67,"s":"BINANCE:BTCUSDT","t":1664697137076,"v":0.00286},{"c":null,"p":19281.65,"s":"BINANCE:BTCUSDT","t":1664697137076,"v":0.00658},{"c":null,"p":19281.65,"s":"BINANCE:BTCUSDT","t":1664697137076,"v":0.03294},{"c":null,"p":19281.64,"s":"BINANCE:BTCUSDT","t":1664697137076,"v":0.31206},{"c":null,"p":19281.64,"s":"BINANCE:BTCUSDT","t":1664697137076,"v":0.16373},{"c":null,"p":19281.64,"s":"BINANCE:BTCUSDT","t":1664697137076,"v":0.31202}],"type":"trade"}

{"data":[{"c":null,"p":19281.65,"s":"BINANCE:BTCUSDT","t":1664697137094,"v":0.06544},{"c":null,"p":19281.45,"s":"BINANCE:BTCUSDT","t":1664697137094,"v":0.00492},{"c":null,"p":19281.41,"s":"BINANCE:BTCUSDT","t":1664697137094,"v":0.31206},{"c":null,"p":19281.3,"s":"BINANCE:BTCUSDT","t":1664697137094,"v":0.02959},{"c":null,"p":19281.15,"s":"BINANCE:BTCUSDT","t":1664697137094,"v":0.01},{"c":null,"p":19281.41,"s":"BINANCE:BTCUSDT","t":1664697137100,"v":0.16373},{"c":null,"p":19281.31,"s":"BINANCE:BTCUSDT","t":1664697137100,"v":0.03},{"c":null,"p":19281.03,"s":"BINANCE:BTCUSDT","t":1664697137146,"v":0.00104},{"c":null,"p":19281,"s":"BINANCE:BTCUSDT","t":1664697137146,"v":0.00146},{"c":null,"p":19281.16,"s":"BINANCE:BTCUSDT","t":1664697137231,"v":0.00057}],"type":"trade"}

{"data":[{"c":null,"p":19281.01,"s":"BINANCE:BTCUSDT","t":1664697137231,"v":0.00143},{"c":null,"p":19281,"s":"BINANCE:BTCUSDT","t":1664697137231,"v":0.00654},{"c":null,"p":19281,"s":"BINANCE:BTCUSDT","t":1664697137305,"v":0.002},{"c":null,"p":19281.45,"s":"BINANCE:BTCUSDT","t":1664697137393,"v":0.002},{"c":null,"p":19281.45,"s":"BINANCE:BTCUSDT","t":1664697137500,"v":0.008},{"c":null,"p":19280.96,"s":"BINANCE:BTCUSDT","t":1664697137531,"v":0.00144},{"c":null,"p":19280.93,"s":"BINANCE:BTCUSDT","t":1664697137531,"v":0.00057},{"c":null,"p":19280.89,"s":"BINANCE:BTCUSDT","t":1664697137531,"v":0.00049},{"c":null,"p":19280.91,"s":"BINANCE:BTCUSDT","t":1664697137668,"v":0.00759},{"c":null,"p":19280.9,"s":"BINANCE:BTCUSDT","t":1664697137668,"v":0.00361}],"type":"trade"}

{"data":[{"c":null,"p":19280.89,"s":"BINANCE:BTCUSDT","t":1664697137804,"v":0.00181},{"c":null,"p":19280.88,"s":"BINANCE:BTCUSDT","t":1664697137804,"v":0.04688},{"c":null,"p":19281.25,"s":"BINANCE:BTCUSDT","t":1664697137858,"v":0.01},{"c":null,"p":19281.25,"s":"BINANCE:BTCUSDT","t":1664697137895,"v":0.00363},{"c":null,"p":19280.89,"s":"BINANCE:BTCUSDT","t":1664697137925,"v":0.00181},{"c":null,"p":19280.88,"s":"BINANCE:BTCUSDT","t":1664697137925,"v":0.03461},{"c":null,"p":19280.88,"s":"BINANCE:BTCUSDT","t":1664697137925,"v":0.06096},{"c":null,"p":19280.88,"s":"BINANCE:BTCUSDT","t":1664697138025,"v":0.14988},{"c":null,"p":19280.88,"s":"BINANCE:BTCUSDT","t":1664697138125,"v":0.07431},{"c":null,"p":19280.88,"s":"BINANCE:BTCUSDT","t":1664697138125,"v":0.07561}],"type":"trade"}

{"data":[{"c":null,"p":19280.88,"s":"BINANCE:BTCUSDT","t":1664697138219,"v":0.06678},{"c":null,"p":19280.88,"s":"BINANCE:BTCUSDT","t":1664697138219,"v":0.0831},{"c":null,"p":19280.88,"s":"BINANCE:BTCUSDT","t":1664697138573,"v":0.0668},{"c":null,"p":19280.88,"s":"BINANCE:BTCUSDT","t":1664697138573,"v":0.07432},{"c":null,"p":19280.88,"s":"BINANCE:BTCUSDT","t":1664697138573,"v":0.07562},{"c":null,"p":19280.88,"s":"BINANCE:BTCUSDT","t":1664697138573,"v":0.14989},{"c":null,"p":19280.79,"s":"BINANCE:BTCUSDT","t":1664697138573,"v":0.05176},{"c":null,"p":19280.71,"s":"BINANCE:BTCUSDT","t":1664697138588,"v":0.06544},{"c":null,"p":19280.69,"s":"BINANCE:BTCUSDT","t":1664697138588,"v":0.00057},{"c":null,"p":19280.66,"s":"BINANCE:BTCUSDT","t":1664697138588,"v":0.0013}],"type":"trade"}

{"data":[{"c":null,"p":19280.58,"s":"BINANCE:BTCUSDT","t":1664697138590,"v":0.53242},{"c":null,"p":19280.57,"s":"BINANCE:BTCUSDT","t":1664697138590,"v":1.33098},{"c":null,"p":19280.56,"s":"BINANCE:BTCUSDT","t":1664697138590,"v":0.02},{"c":null,"p":19280.55,"s":"BINANCE:BTCUSDT","t":1664697138590,"v":0.0347},{"c":null,"p":19280.42,"s":"BINANCE:BTCUSDT","t":1664697138600,"v":0.09006},{"c":null,"p":19280.42,"s":"BINANCE:BTCUSDT","t":1664697138601,"v":0.05962},{"c":null,"p":19280.41,"s":"BINANCE:BTCUSDT","t":1664697138601,"v":0.19971},{"c":null,"p":19280.42,"s":"BINANCE:BTCUSDT","t":1664697138614,"v":0.025},{"c":null,"p":19280.42,"s":"BINANCE:BTCUSDT","t":1664697138659,"v":0.025},{"c":null,"p":19280.9,"s":"BINANCE:BTCUSDT","t":1664697138664,"v":0.015}],"type":"trade"}

{"data":[{"c":null,"p":19280.91,"s":"BINANCE:BTCUSDT","t":1664697138664,"v":0.00169},{"c":null,"p":19280.87,"s":"BINANCE:BTCUSDT","t":1664697138732,"v":0.0167},{"c":null,"p":19280.88,"s":"BINANCE:BTCUSDT","t":1664697138732,"v":0.00136}],"type":"trade"}

{"data":[{"c":null,"p":19280.88,"s":"BINANCE:BTCUSDT","t":1664697138887,"v":0.06678},{"c":null,"p":19280.88,"s":"BINANCE:BTCUSDT","t":1664697139100,"v":0.00001},{"c":null,"p":19280.88,"s":"BINANCE:BTCUSDT","t":1664697139100,"v":0.02738},{"c":null,"p":19280.88,"s":"BINANCE:BTCUSDT","t":1664697139270,"v":0.00001},{"c":null,"p":19281.16,"s":"BINANCE:BTCUSDT","t":1664697139270,"v":0.00057},{"c":null,"p":19281.16,"s":"BINANCE:BTCUSDT","t":1664697139270,"v":0.00203},{"c":null,"p":19280.88,"s":"BINANCE:BTCUSDT","t":1664697139337,"v":0.02605},{"c":null,"p":19280.87,"s":"BINANCE:BTCUSDT","t":1664697139444,"v":0.00518},{"c":null,"p":19280.88,"s":"BINANCE:BTCUSDT","t":1664697139510,"v":0.00001},{"c":null,"p":19280.88,"s":"BINANCE:BTCUSDT","t":1664697139510,"v":0.00758}],"type":"trade"}

{"data":[{"c":null,"p":19280.88,"s":"BINANCE:BTCUSDT","t":1664697139543,"v":0.02587}],"type":"trade"}

{"data":[{"c":null,"p":19280.88,"s":"BINANCE:BTCUSDT","t":1664697140225,"v":0.00438},{"c":null,"p":19280.87,"s":"BINANCE:BTCUSDT","t":1664697140418,"v":0.0025},{"c":null,"p":19280.87,"s":"BINANCE:BTCUSDT","t":1664697140617,"v":0.00232},{"c":null,"p":19280.69,"s":"BINANCE:BTCUSDT","t":1664697140617,"v":0.00057},{"c":null,"p":19280.38,"s":"BINANCE:BTCUSDT","t":1664697140617,"v":0.04211},{"c":null,"p":19280.87,"s":"BINANCE:BTCUSDT","t":1664697140639,"v":0.0044},{"c":null,"p":19280.87,"s":"BINANCE:BTCUSDT","t":1664697140652,"v":0.00078},{"c":null,"p":19280.87,"s":"BINANCE:BTCUSDT","t":1664697140775,"v":0.00155}],"type":"trade"}

{"data":[{"c":null,"p":19280.88,"s":"BINANCE:BTCUSDT","t":1664697141116,"v":0.0202},{"c":null,"p":19280.88,"s":"BINANCE:BTCUSDT","t":1664697141116,"v":0.01},{"c":null,"p":19280.88,"s":"BINANCE:BTCUSDT","t":1664697141116,"v":0.00416},{"c":null,"p":19280.88,"s":"BINANCE:BTCUSDT","t":1664697141116,"v":0.00492},{"c":null,"p":19280.9,"s":"BINANCE:BTCUSDT","t":1664697141116,"v":0.02215},{"c":null,"p":19281.11,"s":"BINANCE:BTCUSDT","t":1664697141116,"v":0.62207},{"c":null,"p":19281.16,"s":"BINANCE:BTCUSDT","t":1664697141116,"v":0.00057},{"c":null,"p":19280.88,"s":"BINANCE:BTCUSDT","t":1664697141127,"v":0.01},{"c":null,"p":19281.25,"s":"BINANCE:BTCUSDT","t":1664697141127,"v":0.01},{"c":null,"p":19281.25,"s":"BINANCE:BTCUSDT","t":1664697141129,"v":0.01}],"type":"trade"}

{"data":[{"c":null,"p":19281.36,"s":"BINANCE:BTCUSDT","t":1664697141132,"v":0.00268},{"c":null,"p":19281.37,"s":"BINANCE:BTCUSDT","t":1664697141132,"v":0.1},{"c":null,"p":19281.45,"s":"BINANCE:BTCUSDT","t":1664697141132,"v":0.01271},{"c":null,"p":19281.46,"s":"BINANCE:BTCUSDT","t":1664697141132,"v":0.01},{"c":null,"p":19281.57,"s":"BINANCE:BTCUSDT","t":1664697141132,"v":0.0013},{"c":null,"p":19281.63,"s":"BINANCE:BTCUSDT","t":1664697141132,"v":0.00363},{"c":null,"p":19281.33,"s":"BINANCE:BTCUSDT","t":1664697141140,"v":0.1},{"c":null,"p":19281.33,"s":"BINANCE:BTCUSDT","t":1664697141149,"v":0.1},{"c":null,"p":19282.02,"s":"BINANCE:BTCUSDT","t":1664697141701,"v":0.01},{"c":null,"p":19281.32,"s":"BINANCE:BTCUSDT","t":1664697141701,"v":0.00732}],"type":"trade"}

{"data":[{"c":null,"p":19281.24,"s":"BINANCE:BTCUSDT","t":1664697141701,"v":0.01},{"c":null,"p":19281.22,"s":"BINANCE:BTCUSDT","t":1664697141701,"v":0.0013},{"c":null,"p":19281.21,"s":"BINANCE:BTCUSDT","t":1664697141774,"v":0.00082}],"type":"trade"}

{"data":[{"c":null,"p":19281.02,"s":"BINANCE:BTCUSDT","t":1664697141784,"v":0.02},{"c":null,"p":19280.93,"s":"BINANCE:BTCUSDT","t":1664697141784,"v":0.19998},{"c":null,"p":19280.92,"s":"BINANCE:BTCUSDT","t":1664697141784,"v":0.31206},{"c":null,"p":19280.87,"s":"BINANCE:BTCUSDT","t":1664697141809,"v":0.00259},{"c":null,"p":19280.87,"s":"BINANCE:BTCUSDT","t":1664697141809,"v":0.00259},{"c":null,"p":19280.72,"s":"BINANCE:BTCUSDT","t":1664697141809,"v":0.0013},{"c":null,"p":19280.69,"s":"BINANCE:BTCUSDT","t":1664697141809,"v":0.00057},{"c":null,"p":19280.49,"s":"BINANCE:BTCUSDT","t":1664697141826,"v":0.00104},{"c":null,"p":19280.49,"s":"BINANCE:BTCUSDT","t":1664697141846,"v":0.02117},{"c":null,"p":19281.21,"s":"BINANCE:BTCUSDT","t":1664697141986,"v":0.04252}],"type":"trade"}

{"data":[{"c":null,"p":19280.84,"s":"BINANCE:BTCUSDT","t":1664697142124,"v":0.02202},{"c":null,"p":19280.84,"s":"BINANCE:BTCUSDT","t":1664697142294,"v":0.00001},{"c":null,"p":19280.84,"s":"BINANCE:BTCUSDT","t":1664697142294,"v":0.02008},{"c":null,"p":19280.84,"s":"BINANCE:BTCUSDT","t":1664697142301,"v":0.00259},{"c":null,"p":19280.93,"s":"BINANCE:BTCUSDT","t":1664697142320,"v":0.01},{"c":null,"p":19281.16,"s":"BINANCE:BTCUSDT","t":1664697142320,"v":0.00057},{"c":null,"p":19281.21,"s":"BINANCE:BTCUSDT","t":1664697142320,"v":0.00001},{"c":null,"p":19281.61,"s":"BINANCE:BTCUSDT","t":1664697142320,"v":0.0095},{"c":null,"p":19281.21,"s":"BINANCE:BTCUSDT","t":1664697142524,"v":0.01911}],"type":"trade"}

{"data":[{"c":null,"p":19281.21,"s":"BINANCE:BTCUSDT","t":1664697142827,"v":0.00001},{"c":null,"p":19281.21,"s":"BINANCE:BTCUSDT","t":1664697142827,"v":0.01819},{"c":null,"p":19281.21,"s":"BINANCE:BTCUSDT","t":1664697143020,"v":0.00001},{"c":null,"p":19281.21,"s":"BINANCE:BTCUSDT","t":1664697143020,"v":0.01731},{"c":null,"p":19281.21,"s":"BINANCE:BTCUSDT","t":1664697143233,"v":0.00001},{"c":null,"p":19281.21,"s":"BINANCE:BTCUSDT","t":1664697143233,"v":0.01648},{"c":null,"p":19281.21,"s":"BINANCE:BTCUSDT","t":1664697143517,"v":0.00001},{"c":null,"p":19281.21,"s":"BINANCE:BTCUSDT","t":1664697143517,"v":0.01568},{"c":null,"p":19281.21,"s":"BINANCE:BTCUSDT","t":1664697143674,"v":0.00001},{"c":null,"p":19281.21,"s":"BINANCE:BTCUSDT","t":1664697143674,"v":0.00999}],"type":"trade"}

{"data":[{"c":null,"p":19281.21,"s":"BINANCE:BTCUSDT","t":1664697143726,"v":0.00001},{"c":null,"p":19281.21,"s":"BINANCE:BTCUSDT","t":1664697143726,"v":0.01493},{"c":null,"p":19281.21,"s":"BINANCE:BTCUSDT","t":1664697143744,"v":0.00001},{"c":null,"p":19281.48,"s":"BINANCE:BTCUSDT","t":1664697143762,"v":0.00363},{"c":null,"p":19281.53,"s":"BINANCE:BTCUSDT","t":1664697143762,"v":0.00036}],"type":"trade"}

{"data":[{"c":null,"p":19281.25,"s":"BINANCE:BTCUSDT","t":1664697144028,"v":0.01482},{"c":null,"p":19281.25,"s":"BINANCE:BTCUSDT","t":1664697144207,"v":0.00001},{"c":null,"p":19281.25,"s":"BINANCE:BTCUSDT","t":1664697144207,"v":0.01351},{"c":null,"p":19281.25,"s":"BINANCE:BTCUSDT","t":1664697144456,"v":0.00001},{"c":null,"p":19281.25,"s":"BINANCE:BTCUSDT","t":1664697144456,"v":0.01285},{"c":null,"p":19281.25,"s":"BINANCE:BTCUSDT","t":1664697144653,"v":0.00001},{"c":null,"p":19281.25,"s":"BINANCE:BTCUSDT","t":1664697144653,"v":0.00999}],"type":"trade"}

{"data":[{"c":null,"p":19281.24,"s":"BINANCE:BTCUSDT","t":1664697144887,"v":0.00372},{"c":null,"p":19281.25,"s":"BINANCE:BTCUSDT","t":1664697145130,"v":0.00001},{"c":null,"p":19281.25,"s":"BINANCE:BTCUSDT","t":1664697145130,"v":0.01225},{"c":null,"p":19281.24,"s":"BINANCE:BTCUSDT","t":1664697145152,"v":0.00628},{"c":null,"p":19281.2,"s":"BINANCE:BTCUSDT","t":1664697145152,"v":0.00363},{"c":null,"p":19281.2,"s":"BINANCE:BTCUSDT","t":1664697145152,"v":0.00265},{"c":null,"p":19280.89,"s":"BINANCE:BTCUSDT","t":1664697145152,"v":0.01494},{"c":null,"p":19280.88,"s":"BINANCE:BTCUSDT","t":1664697145152,"v":0.01192},{"c":null,"p":19280.87,"s":"BINANCE:BTCUSDT","t":1664697145152,"v":0.00558},{"c":null,"p":19280.83,"s":"BINANCE:BTCUSDT","t":1664697145152,"v":0.01}],"type":"trade"}

{"data":[{"c":null,"p":19280.82,"s":"BINANCE:BTCUSDT","t":1664697145164,"v":0.05384},{"c":null,"p":19281.25,"s":"BINANCE:BTCUSDT","t":1664697145327,"v":0.00001},{"c":null,"p":19281.25,"s":"BINANCE:BTCUSDT","t":1664697145327,"v":0.01165},{"c":null,"p":19281.25,"s":"BINANCE:BTCUSDT","t":1664697145541,"v":0.00001},{"c":null,"p":19281.33,"s":"BINANCE:BTCUSDT","t":1664697145541,"v":0.00499},{"c":null,"p":19281.25,"s":"BINANCE:BTCUSDT","t":1664697145754,"v":0.003}],"type":"trade"}

{"data":[{"c":null,"p":19281.25,"s":"BINANCE:BTCUSDT","t":1664697145846,"v":0.007},{"c":null,"p":19281.26,"s":"BINANCE:BTCUSDT","t":1664697145846,"v":0.01158},{"c":null,"p":19281.33,"s":"BINANCE:BTCUSDT","t":1664697145846,"v":0.00731},{"c":null,"p":19281.47,"s":"BINANCE:BTCUSDT","t":1664697145846,"v":0.00522},{"c":null,"p":19281.24,"s":"BINANCE:BTCUSDT","t":1664697145893,"v":0.0043},{"c":null,"p":19281.37,"s":"BINANCE:BTCUSDT","t":1664697146141,"v":0.00067},{"c":null,"p":19281.37,"s":"BINANCE:BTCUSDT","t":1664697146345,"v":0.005},{"c":null,"p":19281.37,"s":"BINANCE:BTCUSDT","t":1664697146559,"v":0.00433},{"c":null,"p":19281.37,"s":"BINANCE:BTCUSDT","t":1664697146559,"v":0.01},{"c":null,"p":19281.37,"s":"BINANCE:BTCUSDT","t":1664697146559,"v":0.011}],"type":"trade"}

{"data":[{"c":null,"p":19281.38,"s":"BINANCE:BTCUSDT","t":1664697146559,"v":0.01622},{"c":null,"p":19281.36,"s":"BINANCE:BTCUSDT","t":1664697146612,"v":0.00077}],"type":"trade"}

{"data":[{"c":null,"p":19281.36,"s":"BINANCE:BTCUSDT","t":1664697148230,"v":0.00098},{"c":null,"p":19281.36,"s":"BINANCE:BTCUSDT","t":1664697148328,"v":0.0007},{"c":null,"p":19281.36,"s":"BINANCE:BTCUSDT","t":1664697148345,"v":0.00118},{"c":null,"p":19281.25,"s":"BINANCE:BTCUSDT","t":1664697148449,"v":0.01003},{"c":null,"p":19281.25,"s":"BINANCE:BTCUSDT","t":1664697148449,"v":0.01},{"c":null,"p":19281.36,"s":"BINANCE:BTCUSDT","t":1664697148449,"v":0.00723},{"c":null,"p":19281.37,"s":"BINANCE:BTCUSDT","t":1664697148449,"v":0.00385},{"c":null,"p":19281.37,"s":"BINANCE:BTCUSDT","t":1664697148457,"v":0.0066},{"c":null,"p":19281.37,"s":"BINANCE:BTCUSDT","t":1664697148457,"v":0.01},{"c":null,"p":19281.38,"s":"BINANCE:BTCUSDT","t":1664697148457,"v":0.01451}],"type":"trade"}

{"data":[{"c":null,"p":19281.24,"s":"BINANCE:BTCUSDT","t":1664697148589,"v":0.0057},{"c":null,"p":19281.24,"s":"BINANCE:BTCUSDT","t":1664697148622,"v":0.0057},{"c":null,"p":19281.24,"s":"BINANCE:BTCUSDT","t":1664697148673,"v":0.0057},{"c":null,"p":19281.24,"s":"BINANCE:BTCUSDT","t":1664697148704,"v":0.0886},{"c":null,"p":19281.24,"s":"BINANCE:BTCUSDT","t":1664697148704,"v":0.01},{"c":null,"p":19281.24,"s":"BINANCE:BTCUSDT","t":1664697148704,"v":0.0057}],"type":"trade"}

{"data":[{"c":null,"p":19281.24,"s":"BINANCE:BTCUSDT","t":1664697148800,"v":0.01},{"c":null,"p":19281.24,"s":"BINANCE:BTCUSDT","t":1664697148800,"v":0.01},{"c":null,"p":19281.24,"s":"BINANCE:BTCUSDT","t":1664697148930,"v":0.01},{"c":null,"p":19280.79,"s":"BINANCE:BTCUSDT","t":1664697149042,"v":0.00361},{"c":null,"p":19280.77,"s":"BINANCE:BTCUSDT","t":1664697149276,"v":0.01},{"c":null,"p":19280.72,"s":"BINANCE:BTCUSDT","t":1664697149276,"v":0.0013},{"c":null,"p":19280.69,"s":"BINANCE:BTCUSDT","t":1664697149276,"v":0.00057},{"c":null,"p":19280.58,"s":"BINANCE:BTCUSDT","t":1664697149276,"v":0.01757},{"c":null,"p":19280.65,"s":"BINANCE:BTCUSDT","t":1664697149619,"v":0.0094},{"c":null,"p":19280.65,"s":"BINANCE:BTCUSDT","t":1664697149643,"v":0.00001}],"type":"trade"}

{"data":[{"c":null,"p":19280.65,"s":"BINANCE:BTCUSDT","t":1664697149643,"v":0.01}],"type":"trade"}

{"data":[{"c":null,"p":19281.16,"s":"BINANCE:BTCUSDT","t":1664697149882,"v":0.00057},{"c":null,"p":19281.16,"s":"BINANCE:BTCUSDT","t":1664697149882,"v":0.01},{"c":null,"p":19281.34,"s":"BINANCE:BTCUSDT","t":1664697149882,"v":0.00542},{"c":null,"p":19281.35,"s":"BINANCE:BTCUSDT","t":1664697149882,"v":0.01512},{"c":null,"p":19280.78,"s":"BINANCE:BTCUSDT","t":1664697150077,"v":0.00859},{"c":null,"p":19281.22,"s":"BINANCE:BTCUSDT","t":1664697150077,"v":0.01478},{"c":null,"p":19281.35,"s":"BINANCE:BTCUSDT","t":1664697150077,"v":0.00774},{"c":null,"p":19280.76,"s":"BINANCE:BTCUSDT","t":1664697150243,"v":0.0013},{"c":null,"p":19280.69,"s":"BINANCE:BTCUSDT","t":1664697150243,"v":0.00057},{"c":null,"p":19280.65,"s":"BINANCE:BTCUSDT","t":1664697150243,"v":0.00009}],"type":"trade"}

{"data":[{"c":null,"p":19280.77,"s":"BINANCE:BTCUSDT","t":1664697150266,"v":0.00817},{"c":null,"p":19281.35,"s":"BINANCE:BTCUSDT","t":1664697150288,"v":0.00654},{"c":null,"p":19280.69,"s":"BINANCE:BTCUSDT","t":1664697150422,"v":0.00811},{"c":null,"p":19280.66,"s":"BINANCE:BTCUSDT","t":1664697150553,"v":0.02358},{"c":null,"p":19280.64,"s":"BINANCE:BTCUSDT","t":1664697150553,"v":0.01},{"c":null,"p":19280.6,"s":"BINANCE:BTCUSDT","t":1664697150553,"v":0.00759},{"c":null,"p":19280.58,"s":"BINANCE:BTCUSDT","t":1664697150553,"v":0.01283},{"c":null,"p":19280.67,"s":"BINANCE:BTCUSDT","t":1664697150562,"v":0.01},{"c":null,"p":19280.59,"s":"BINANCE:BTCUSDT","t":1664697150708,"v":0.00259}],"type":"trade"}

{"data":[{"c":null,"p":19280.59,"s":"BINANCE:BTCUSDT","t":1664697150869,"v":0.00492},{"c":null,"p":19280.58,"s":"BINANCE:BTCUSDT","t":1664697150869,"v":0.00768},{"c":null,"p":19280.68,"s":"BINANCE:BTCUSDT","t":1664697150869,"v":0.00739},{"c":null,"p":19280.57,"s":"BINANCE:BTCUSDT","t":1664697151066,"v":0.00645},{"c":null,"p":19280.57,"s":"BINANCE:BTCUSDT","t":1664697151084,"v":0.0025},{"c":null,"p":19280.57,"s":"BINANCE:BTCUSDT","t":1664697151109,"v":0.00105},{"c":null,"p":19280.57,"s":"BINANCE:BTCUSDT","t":1664697151109,"v":0.00704},{"c":null,"p":19281.15,"s":"BINANCE:BTCUSDT","t":1664697151109,"v":0.00249},{"c":null,"p":19281.08,"s":"BINANCE:BTCUSDT","t":1664697151300,"v":0.02922},{"c":null,"p":19281.08,"s":"BINANCE:BTCUSDT","t":1664697151351,"v":0.03111}],"type":"trade"}

{"data":[{"c":null,"p":19280.58,"s":"BINANCE:BTCUSDT","t":1664697151759,"v":0.00699},{"c":null,"p":19280.58,"s":"BINANCE:BTCUSDT","t":1664697151772,"v":0.00301},{"c":null,"p":19280.58,"s":"BINANCE:BTCUSDT","t":1664697151774,"v":0.00698},{"c":null,"p":19280.58,"s":"BINANCE:BTCUSDT","t":1664697151784,"v":0.00001}],"type":"trade"}

{"data":[{"c":null,"p":19280.58,"s":"BINANCE:BTCUSDT","t":1664697152031,"v":0.01},{"c":null,"p":19280.89,"s":"BINANCE:BTCUSDT","t":1664697152083,"v":0.00999},{"c":null,"p":19280.84,"s":"BINANCE:BTCUSDT","t":1664697152252,"v":0.00503},{"c":null,"p":19280.84,"s":"BINANCE:BTCUSDT","t":1664697152461,"v":0.00133},{"c":null,"p":19280.84,"s":"BINANCE:BTCUSDT","t":1664697152461,"v":0.01},{"c":null,"p":19280.6,"s":"BINANCE:BTCUSDT","t":1664697152521,"v":0.01},{"c":null,"p":19281.07,"s":"BINANCE:BTCUSDT","t":1664697152581,"v":0.00341},{"c":null,"p":19281.08,"s":"BINANCE:BTCUSDT","t":1664697152587,"v":0.02},{"c":null,"p":19280.9,"s":"BINANCE:BTCUSDT","t":1664697152601,"v":0.00632},{"c":null,"p":19280.9,"s":"BINANCE:BTCUSDT","t":1664697152797,"v":0.006}],"type":"trade"}

{"data":[{"c":null,"p":19281.04,"s":"BINANCE:BTCUSDT","t":1664697152953,"v":0.01056},{"c":null,"p":19281.06,"s":"BINANCE:BTCUSDT","t":1664697152967,"v":0.00759},{"c":null,"p":19281.06,"s":"BINANCE:BTCUSDT","t":1664697152967,"v":0.01},{"c":null,"p":19281.06,"s":"BINANCE:BTCUSDT","t":1664697152967,"v":0.01367},{"c":null,"p":19281.05,"s":"BINANCE:BTCUSDT","t":1664697152971,"v":0.0017},{"c":null,"p":19281.08,"s":"BINANCE:BTCUSDT","t":1664697152976,"v":0.01367},{"c":null,"p":19281.05,"s":"BINANCE:BTCUSDT","t":1664697152986,"v":0.00528},{"c":null,"p":19281.08,"s":"BINANCE:BTCUSDT","t":1664697152986,"v":0.00839},{"c":null,"p":19281.08,"s":"BINANCE:BTCUSDT","t":1664697152999,"v":0.00161},{"c":null,"p":19281.1,"s":"BINANCE:BTCUSDT","t":1664697152999,"v":0.01206}],"type":"trade"}

{"data":[{"c":null,"p":19280.81,"s":"BINANCE:BTCUSDT","t":1664697153124,"v":0.00552},{"c":null,"p":19280.8,"s":"BINANCE:BTCUSDT","t":1664697153124,"v":0.01948},{"c":null,"p":19281,"s":"BINANCE:BTCUSDT","t":1664697153241,"v":0.14135},{"c":null,"p":19281.09,"s":"BINANCE:BTCUSDT","t":1664697153734,"v":0.00264},{"c":null,"p":19281.09,"s":"BINANCE:BTCUSDT","t":1664697153734,"v":0.00361},{"c":null,"p":19281.1,"s":"BINANCE:BTCUSDT","t":1664697153734,"v":0.00161},{"c":null,"p":19281.1,"s":"BINANCE:BTCUSDT","t":1664697153734,"v":0.01},{"c":null,"p":19281.16,"s":"BINANCE:BTCUSDT","t":1664697153734,"v":0.00057},{"c":null,"p":19281.38,"s":"BINANCE:BTCUSDT","t":1664697153734,"v":0.06927},{"c":null,"p":19281.38,"s":"BINANCE:BTCUSDT","t":1664697153734,"v":0.01}],"type":"trade"}

{"data":[{"c":null,"p":19281.49,"s":"BINANCE:BTCUSDT","t":1664697153734,"v":0.1396},{"c":null,"p":19281.1,"s":"BINANCE:BTCUSDT","t":1664697153772,"v":0.01}],"type":"trade"}

{"data":[{"c":null,"p":19280.86,"s":"BINANCE:BTCUSDT","t":1664697153977,"v":0.01},{"c":null,"p":19280.86,"s":"BINANCE:BTCUSDT","t":1664697154006,"v":0.00109},{"c":null,"p":19280.93,"s":"BINANCE:BTCUSDT","t":1664697154596,"v":0.0013},{"c":null,"p":19280.93,"s":"BINANCE:BTCUSDT","t":1664697154596,"v":0.03165}],"type":"trade"}

{"data":[{"c":null,"p":19280.94,"s":"BINANCE:BTCUSDT","t":1664697154991,"v":0.0025},{"c":null,"p":19281.24,"s":"BINANCE:BTCUSDT","t":1664697155034,"v":0.02978},{"c":null,"p":19281.43,"s":"BINANCE:BTCUSDT","t":1664697155377,"v":0.25247},{"c":null,"p":19281.24,"s":"BINANCE:BTCUSDT","t":1664697155377,"v":0.26932},{"c":null,"p":19281.24,"s":"BINANCE:BTCUSDT","t":1664697155377,"v":0.01},{"c":null,"p":19281.43,"s":"BINANCE:BTCUSDT","t":1664697155443,"v":0.0057},{"c":null,"p":19281.43,"s":"BINANCE:BTCUSDT","t":1664697155443,"v":0.0043},{"c":null,"p":19281.44,"s":"BINANCE:BTCUSDT","t":1664697155443,"v":0.01},{"c":null,"p":19281.52,"s":"BINANCE:BTCUSDT","t":1664697155456,"v":0.00207},{"c":null,"p":19281.53,"s":"BINANCE:BTCUSDT","t":1664697155457,"v":0.00363}],"type":"trade"}

{"data":[{"c":null,"p":19281.63,"s":"BINANCE:BTCUSDT","t":1664697155458,"v":0.00057},{"c":null,"p":19281.76,"s":"BINANCE:BTCUSDT","t":1664697155458,"v":0.00268},{"c":null,"p":19281.92,"s":"BINANCE:BTCUSDT","t":1664697155458,"v":0.00058},{"c":null,"p":19281.93,"s":"BINANCE:BTCUSDT","t":1664697155458,"v":0.001},{"c":null,"p":19282,"s":"BINANCE:BTCUSDT","t":1664697155458,"v":0.00768},{"c":null,"p":19282.01,"s":"BINANCE:BTCUSDT","t":1664697155458,"v":0.08023},{"c":null,"p":19282.02,"s":"BINANCE:BTCUSDT","t":1664697155458,"v":0.44211},{"c":null,"p":19282.03,"s":"BINANCE:BTCUSDT","t":1664697155458,"v":0.00104},{"c":null,"p":19282.04,"s":"BINANCE:BTCUSDT","t":1664697155458,"v":0.0375},{"c":null,"p":19282.16,"s":"BINANCE:BTCUSDT","t":1664697155458,"v":0.01743}],"type":"trade"}

{"data":[{"c":null,"p":19281.91,"s":"BINANCE:BTCUSDT","t":1664697155471,"v":0.00768},{"c":null,"p":19282.3,"s":"BINANCE:BTCUSDT","t":1664697155471,"v":0.00057},{"c":null,"p":19282.21,"s":"BINANCE:BTCUSDT","t":1664697155503,"v":0.00271},{"c":null,"p":19282.46,"s":"BINANCE:BTCUSDT","t":1664697155517,"v":0.00675},{"c":null,"p":19282.46,"s":"BINANCE:BTCUSDT","t":1664697155517,"v":0.01608},{"c":null,"p":19282.5,"s":"BINANCE:BTCUSDT","t":1664697155517,"v":0.17717},{"c":null,"p":19281.91,"s":"BINANCE:BTCUSDT","t":1664697155733,"v":0.01719},{"c":null,"p":19281.9,"s":"BINANCE:BTCUSDT","t":1664697155778,"v":0.01719},{"c":null,"p":19281.77,"s":"BINANCE:BTCUSDT","t":1664697155778,"v":0.0013},{"c":null,"p":19281.63,"s":"BINANCE:BTCUSDT","t":1664697155778,"v":0.01551}],"type":"trade"}

{"data":[{"c":null,"p":19281.62,"s":"BINANCE:BTCUSDT","t":1664697155778,"v":0.00169},{"c":null,"p":19281.58,"s":"BINANCE:BTCUSDT","t":1664697155778,"v":0.025},{"c":null,"p":19281.42,"s":"BINANCE:BTCUSDT","t":1664697155778,"v":0.01},{"c":null,"p":19281.29,"s":"BINANCE:BTCUSDT","t":1664697155778,"v":0.31205},{"c":null,"p":19281.28,"s":"BINANCE:BTCUSDT","t":1664697155778,"v":0.61726},{"c":null,"p":19281.91,"s":"BINANCE:BTCUSDT","t":1664697155792,"v":0.00337},{"c":null,"p":19281.29,"s":"BINANCE:BTCUSDT","t":1664697155792,"v":0.00769},{"c":null,"p":19281.28,"s":"BINANCE:BTCUSDT","t":1664697155792,"v":0.80475},{"c":null,"p":19281.29,"s":"BINANCE:BTCUSDT","t":1664697155801,"v":0.03},{"c":null,"p":19281.28,"s":"BINANCE:BTCUSDT","t":1664697155801,"v":0.01106}],"type":"trade"}

{"data":[{"c":null,"p":19281.07,"s":"BINANCE:BTCUSDT","t":1664697155801,"v":0.02},{"c":null,"p":19281.07,"s":"BINANCE:BTCUSDT","t":1664697155801,"v":0.01},{"c":null,"p":19281.03,"s":"BINANCE:BTCUSDT","t":1664697155801,"v":0.00104},{"c":null,"p":19281,"s":"BINANCE:BTCUSDT","t":1664697155801,"v":0.01194},{"c":null,"p":19280.97,"s":"BINANCE:BTCUSDT","t":1664697155801,"v":0.05616},{"c":null,"p":19280.94,"s":"BINANCE:BTCUSDT","t":1664697155801,"v":0.00665},{"c":null,"p":19280.93,"s":"BINANCE:BTCUSDT","t":1664697155801,"v":0.00057}],"type":"trade"}

{"data":[{"c":null,"p":19280.78,"s":"BINANCE:BTCUSDT","t":1664697155818,"v":0.02608},{"c":null,"p":19281.41,"s":"BINANCE:BTCUSDT","t":1664697156036,"v":0.00492},{"c":null,"p":19281.44,"s":"BINANCE:BTCUSDT","t":1664697156036,"v":0.025},{"c":null,"p":19281.45,"s":"BINANCE:BTCUSDT","t":1664697156036,"v":0.00119},{"c":null,"p":19281.45,"s":"BINANCE:BTCUSDT","t":1664697156072,"v":0.0025},{"c":null,"p":19281.45,"s":"BINANCE:BTCUSDT","t":1664697156380,"v":0.01},{"c":null,"p":19281.48,"s":"BINANCE:BTCUSDT","t":1664697156392,"v":0.01},{"c":null,"p":19281.46,"s":"BINANCE:BTCUSDT","t":1664697156605,"v":0.00054},{"c":null,"p":19281.46,"s":"BINANCE:BTCUSDT","t":1664697156609,"v":0.00063},{"c":null,"p":19281.46,"s":"BINANCE:BTCUSDT","t":1664697156614,"v":0.0025}],"type":"trade"}

{"data":[{"c":null,"p":19281.84,"s":"BINANCE:BTCUSDT","t":1664697156797,"v":0.004}],"type":"trade"}

{"data":[{"c":null,"p":19281.5,"s":"BINANCE:BTCUSDT","t":1664697157057,"v":0.00283},{"c":null,"p":19281.51,"s":"BINANCE:BTCUSDT","t":1664697157279,"v":0.00363},{"c":null,"p":19281.5,"s":"BINANCE:BTCUSDT","t":1664697157561,"v":0.00009},{"c":null,"p":19281.5,"s":"BINANCE:BTCUSDT","t":1664697157561,"v":0.00127},{"c":null,"p":19281.51,"s":"BINANCE:BTCUSDT","t":1664697157715,"v":0.03111}],"type":"trade"}

{"data":[{"c":null,"p":19281.5,"s":"BINANCE:BTCUSDT","t":1664697158342,"v":0.00698},{"c":null,"p":19281.5,"s":"BINANCE:BTCUSDT","t":1664697158342,"v":0.01},{"c":null,"p":19281.44,"s":"BINANCE:BTCUSDT","t":1664697158342,"v":0.01},{"c":null,"p":19281.44,"s":"BINANCE:BTCUSDT","t":1664697158342,"v":0.02727},{"c":null,"p":19281.44,"s":"BINANCE:BTCUSDT","t":1664697158376,"v":0.37623},{"c":null,"p":19281.51,"s":"BINANCE:BTCUSDT","t":1664697158376,"v":0.22311},{"c":null,"p":19281.51,"s":"BINANCE:BTCUSDT","t":1664697158376,"v":0.01},{"c":null,"p":19281.51,"s":"BINANCE:BTCUSDT","t":1664697158376,"v":0.02516},{"c":null,"p":19281.51,"s":"BINANCE:BTCUSDT","t":1664697158376,"v":0.01586},{"c":null,"p":19281.51,"s":"BINANCE:BTCUSDT","t":1664697158402,"v":0.00874}],"type":"trade"}

{"data":[{"c":null,"p":19281.57,"s":"BINANCE:BTCUSDT","t":1664697158647,"v":0.02877},{"c":null,"p":19281.87,"s":"BINANCE:BTCUSDT","t":1664697158647,"v":0.01},{"c":null,"p":19281.93,"s":"BINANCE:BTCUSDT","t":1664697158647,"v":0.00363},{"c":null,"p":19281.93,"s":"BINANCE:BTCUSDT","t":1664697158647,"v":0.01},{"c":null,"p":19282.03,"s":"BINANCE:BTCUSDT","t":1664697158647,"v":0.00104},{"c":null,"p":19282.03,"s":"BINANCE:BTCUSDT","t":1664697158647,"v":0.00083},{"c":null,"p":19281.45,"s":"BINANCE:BTCUSDT","t":1664697158653,"v":0.00452},{"c":null,"p":19281.44,"s":"BINANCE:BTCUSDT","t":1664697158653,"v":0.00759},{"c":null,"p":19281.43,"s":"BINANCE:BTCUSDT","t":1664697158653,"v":0.01},{"c":null,"p":19281.43,"s":"BINANCE:BTCUSDT","t":1664697158653,"v":0.01}],"type":"trade"}

{"data":[{"c":null,"p":19281.14,"s":"BINANCE:BTCUSDT","t":1664697158653,"v":0.02},{"c":null,"p":19281.01,"s":"BINANCE:BTCUSDT","t":1664697158653,"v":0.00015}],"type":"trade"}

{"data":[{"c":null,"p":19281.45,"s":"BINANCE:BTCUSDT","t":1664697158893,"v":0.00067},{"c":null,"p":19281.44,"s":"BINANCE:BTCUSDT","t":1664697158977,"v":0.00999},{"c":null,"p":19281.45,"s":"BINANCE:BTCUSDT","t":1664697159086,"v":0.02666},{"c":null,"p":19281.45,"s":"BINANCE:BTCUSDT","t":1664697159086,"v":0.00445},{"c":null,"p":19281.45,"s":"BINANCE:BTCUSDT","t":1664697159250,"v":0.00062},{"c":null,"p":19281.44,"s":"BINANCE:BTCUSDT","t":1664697159254,"v":0.00001},{"c":null,"p":19281.16,"s":"BINANCE:BTCUSDT","t":1664697159254,"v":0.00057},{"c":null,"p":19281.16,"s":"BINANCE:BTCUSDT","t":1664697159254,"v":0.01},{"c":null,"p":19281.03,"s":"BINANCE:BTCUSDT","t":1664697159254,"v":0.00104},{"c":null,"p":19281.02,"s":"BINANCE:BTCUSDT","t":1664697159254,"v":0.00226}],"type":"trade"}

{"data":[{"c":null,"p":19281.01,"s":"BINANCE:BTCUSDT","t":1664697159254,"v":0.04835},{"c":null,"p":19281.03,"s":"BINANCE:BTCUSDT","t":1664697159682,"v":0.00226},{"c":null,"p":19281.02,"s":"BINANCE:BTCUSDT","t":1664697159682,"v":0.01}],"type":"trade"}

{"data":[{"c":null,"p":19281.02,"s":"BINANCE:BTCUSDT","t":1664697159859,"v":0.02597},{"c":null,"p":19281.17,"s":"BINANCE:BTCUSDT","t":1664697159860,"v":0.00268},{"c":null,"p":19281.41,"s":"BINANCE:BTCUSDT","t":1664697159875,"v":0.00632},{"c":null,"p":19281.33,"s":"BINANCE:BTCUSDT","t":1664697160298,"v":0.00067},{"c":null,"p":19281.33,"s":"BINANCE:BTCUSDT","t":1664697160374,"v":0.00287},{"c":null,"p":19281.34,"s":"BINANCE:BTCUSDT","t":1664697160458,"v":0.00363},{"c":null,"p":19281.45,"s":"BINANCE:BTCUSDT","t":1664697160458,"v":0.00493},{"c":null,"p":19281.45,"s":"BINANCE:BTCUSDT","t":1664697160458,"v":0.00482},{"c":null,"p":19281.45,"s":"BINANCE:BTCUSDT","t":1664697160458,"v":0.01},{"c":null,"p":19281.51,"s":"BINANCE:BTCUSDT","t":1664697160458,"v":0.00156}],"type":"trade"}

{"data":[{"c":null,"p":19281.63,"s":"BINANCE:BTCUSDT","t":1664697160458,"v":0.00057},{"c":null,"p":19281.92,"s":"BINANCE:BTCUSDT","t":1664697160458,"v":0.0056},{"c":null,"p":19281.34,"s":"BINANCE:BTCUSDT","t":1664697160643,"v":0.00656},{"c":null,"p":19281.34,"s":"BINANCE:BTCUSDT","t":1664697160643,"v":0.0105},{"c":null,"p":19281.33,"s":"BINANCE:BTCUSDT","t":1664697160643,"v":0.00646},{"c":null,"p":19281.17,"s":"BINANCE:BTCUSDT","t":1664697160643,"v":0.00363},{"c":null,"p":19281.01,"s":"BINANCE:BTCUSDT","t":1664697160643,"v":0.03185},{"c":null,"p":19281.6,"s":"BINANCE:BTCUSDT","t":1664697160703,"v":0.01838},{"c":null,"p":19281.6,"s":"BINANCE:BTCUSDT","t":1664697160703,"v":0.00328},{"c":null,"p":19281.6,"s":"BINANCE:BTCUSDT","t":1664697160703,"v":0.00945}],"type":"trade"}

{"data":[{"c":null,"p":19281.61,"s":"BINANCE:BTCUSDT","t":1664697160758,"v":0.0025}],"type":"trade"}

{"data":[{"c":null,"p":19281.35,"s":"BINANCE:BTCUSDT","t":1664697161888,"v":0.01},{"c":null,"p":19281.6,"s":"BINANCE:BTCUSDT","t":1664697161888,"v":0.00164},{"c":null,"p":19281.61,"s":"BINANCE:BTCUSDT","t":1664697161888,"v":0.01947},{"c":null,"p":19281.34,"s":"BINANCE:BTCUSDT","t":1664697161936,"v":0.00057},{"c":null,"p":19281.34,"s":"BINANCE:BTCUSDT","t":1664697161966,"v":0.00283},{"c":null,"p":19281.35,"s":"BINANCE:BTCUSDT","t":1664697162090,"v":0.003},{"c":null,"p":19281.35,"s":"BINANCE:BTCUSDT","t":1664697162283,"v":0.007},{"c":null,"p":19281.61,"s":"BINANCE:BTCUSDT","t":1664697162283,"v":0.00171},{"c":null,"p":19281.61,"s":"BINANCE:BTCUSDT","t":1664697162283,"v":0.00239},{"c":null,"p":19281.61,"s":"BINANCE:BTCUSDT","t":1664697162283,"v":0.01948}],"type":"trade"}

{"data":[{"c":null,"p":19281.93,"s":"BINANCE:BTCUSDT","t":1664697162283,"v":0.00053}],"type":"trade"}

{"data":[{"c":null,"p":19281.17,"s":"BINANCE:BTCUSDT","t":1664697162843,"v":0.00363},{"c":null,"p":19281.17,"s":"BINANCE:BTCUSDT","t":1664697163065,"v":0.005},{"c":null,"p":19281.17,"s":"BINANCE:BTCUSDT","t":1664697163257,"v":0.01287},{"c":null,"p":19281.17,"s":"BINANCE:BTCUSDT","t":1664697163257,"v":0.00434},{"c":null,"p":19281.44,"s":"BINANCE:BTCUSDT","t":1664697163257,"v":0.0139},{"c":null,"p":19281.16,"s":"BINANCE:BTCUSDT","t":1664697163276,"v":0.00057},{"c":null,"p":19281.16,"s":"BINANCE:BTCUSDT","t":1664697163276,"v":0.01},{"c":null,"p":19281.01,"s":"BINANCE:BTCUSDT","t":1664697163276,"v":0.00892},{"c":null,"p":19281.43,"s":"BINANCE:BTCUSDT","t":1664697163576,"v":0.01},{"c":null,"p":19281.18,"s":"BINANCE:BTCUSDT","t":1664697163712,"v":0.00457}],"type":"trade"}

{"data":[{"c":null,"p":19281.41,"s":"BINANCE:BTCUSDT","t":1664697163790,"v":0.00457}],"type":"trade"}

{"data":[{"c":null,"p":19281.41,"s":"BINANCE:BTCUSDT","t":1664697163837,"v":0.00543},{"c":null,"p":19281.02,"s":"BINANCE:BTCUSDT","t":1664697163837,"v":0.00228},{"c":null,"p":19281.02,"s":"BINANCE:BTCUSDT","t":1664697163837,"v":0.02019},{"c":null,"p":19281.01,"s":"BINANCE:BTCUSDT","t":1664697163837,"v":0.03024},{"c":null,"p":19281.04,"s":"BINANCE:BTCUSDT","t":1664697163933,"v":0.0101},{"c":null,"p":19281.03,"s":"BINANCE:BTCUSDT","t":1664697163933,"v":0.00492},{"c":null,"p":19281.01,"s":"BINANCE:BTCUSDT","t":1664697163933,"v":1.18861},{"c":null,"p":19280.93,"s":"BINANCE:BTCUSDT","t":1664697163947,"v":0.001},{"c":null,"p":19280.89,"s":"BINANCE:BTCUSDT","t":1664697163947,"v":0.0013},{"c":null,"p":19280.76,"s":"BINANCE:BTCUSDT","t":1664697163947,"v":0.35708}],"type":"trade"}

{"data":[{"c":null,"p":19280.75,"s":"BINANCE:BTCUSDT","t":1664697163947,"v":0.89265},{"c":null,"p":19280.64,"s":"BINANCE:BTCUSDT","t":1664697163947,"v":0.37975},{"c":null,"p":19280.64,"s":"BINANCE:BTCUSDT","t":1664697163948,"v":0.0091},{"c":null,"p":19281.25,"s":"BINANCE:BTCUSDT","t":1664697164034,"v":0.01275},{"c":null,"p":19280.7,"s":"BINANCE:BTCUSDT","t":1664697164165,"v":0.00229},{"c":null,"p":19281.22,"s":"BINANCE:BTCUSDT","t":1664697164296,"v":0.01},{"c":null,"p":19281.03,"s":"BINANCE:BTCUSDT","t":1664697164497,"v":0.14178},{"c":null,"p":19281.25,"s":"BINANCE:BTCUSDT","t":1664697164563,"v":0.002},{"c":null,"p":19281.23,"s":"BINANCE:BTCUSDT","t":1664697164671,"v":0.00511},{"c":null,"p":19281.24,"s":"BINANCE:BTCUSDT","t":1664697164671,"v":0.0158}],"type":"trade"}

{"data":[{"c":null,"p":19281.26,"s":"BINANCE:BTCUSDT","t":1664697164671,"v":0.0102},{"c":null,"p":19281.21,"s":"BINANCE:BTCUSDT","t":1664697164792,"v":0.01}],"type":"trade"}

{"data":[{"c":null,"p":19280.82,"s":"BINANCE:BTCUSDT","t":1664697164960,"v":0.06221},{"c":null,"p":19280.82,"s":"BINANCE:BTCUSDT","t":1664697165049,"v":0.01566},{"c":null,"p":19280.81,"s":"BINANCE:BTCUSDT","t":1664697165049,"v":0.04517},{"c":null,"p":19280.82,"s":"BINANCE:BTCUSDT","t":1664697165150,"v":0.00353},{"c":null,"p":19280.81,"s":"BINANCE:BTCUSDT","t":1664697165150,"v":0.01213},{"c":null,"p":19281.24,"s":"BINANCE:BTCUSDT","t":1664697165321,"v":0.01},{"c":null,"p":19281.25,"s":"BINANCE:BTCUSDT","t":1664697165323,"v":0.03111},{"c":null,"p":19281.05,"s":"BINANCE:BTCUSDT","t":1664697165420,"v":0.00244},{"c":null,"p":19280.82,"s":"BINANCE:BTCUSDT","t":1664697165436,"v":0.00179}],"type":"trade"}

{"data":[{"c":null,"p":19281.17,"s":"BINANCE:BTCUSDT","t":1664697166073,"v":0.00492},{"c":null,"p":19281.2,"s":"BINANCE:BTCUSDT","t":1664697166073,"v":0.01},{"c":null,"p":19281.24,"s":"BINANCE:BTCUSDT","t":1664697166073,"v":0.00759},{"c":null,"p":19281.24,"s":"BINANCE:BTCUSDT","t":1664697166073,"v":0.00769},{"c":null,"p":19281.26,"s":"BINANCE:BTCUSDT","t":1664697166073,"v":0.00091},{"c":null,"p":19280.85,"s":"BINANCE:BTCUSDT","t":1664697166188,"v":0.00759},{"c":null,"p":19280.84,"s":"BINANCE:BTCUSDT","t":1664697166188,"v":0.00143},{"c":null,"p":19280.7,"s":"BINANCE:BTCUSDT","t":1664697166188,"v":0.00235},{"c":null,"p":19280.84,"s":"BINANCE:BTCUSDT","t":1664697166324,"v":0.00143},{"c":null,"p":19280.89,"s":"BINANCE:BTCUSDT","t":1664697166517,"v":0.00498}],"type":"trade"}

{"data":[{"c":null,"p":19280.9,"s":"BINANCE:BTCUSDT","t":1664697166517,"v":0.00518},{"c":null,"p":19280.78,"s":"BINANCE:BTCUSDT","t":1664697166627,"v":0.04857},{"c":null,"p":19280.9,"s":"BINANCE:BTCUSDT","t":1664697166627,"v":0.00599},{"c":null,"p":19280.9,"s":"BINANCE:BTCUSDT","t":1664697166646,"v":0.04857},{"c":null,"p":19281.25,"s":"BINANCE:BTCUSDT","t":1664697166665,"v":0.00759},{"c":null,"p":19281.25,"s":"BINANCE:BTCUSDT","t":1664697166672,"v":0.00759},{"c":null,"p":19281.25,"s":"BINANCE:BTCUSDT","t":1664697166709,"v":0.01}],"type":"trade"}

{"data":[{"c":null,"p":19281.25,"s":"BINANCE:BTCUSDT","t":1664697166909,"v":0.00249},{"c":null,"p":19281.26,"s":"BINANCE:BTCUSDT","t":1664697166909,"v":0.02533},{"c":null,"p":19281.29,"s":"BINANCE:BTCUSDT","t":1664697166909,"v":0.0025},{"c":null,"p":19281.39,"s":"BINANCE:BTCUSDT","t":1664697166909,"v":0.00079},{"c":null,"p":19281.26,"s":"BINANCE:BTCUSDT","t":1664697167226,"v":0.01},{"c":null,"p":19281.26,"s":"BINANCE:BTCUSDT","t":1664697167408,"v":0.00062},{"c":null,"p":19281.26,"s":"BINANCE:BTCUSDT","t":1664697167506,"v":0.00063},{"c":null,"p":19281.27,"s":"BINANCE:BTCUSDT","t":1664697167506,"v":0.0241},{"c":null,"p":19281.39,"s":"BINANCE:BTCUSDT","t":1664697167506,"v":0.00638},{"c":null,"p":19280.74,"s":"BINANCE:BTCUSDT","t":1664697167657,"v":0.01}],"type":"trade"}

{"data":[{"c":null,"p":19281.26,"s":"BINANCE:BTCUSDT","t":1664697167689,"v":0.00723},{"c":null,"p":19281.38,"s":"BINANCE:BTCUSDT","t":1664697167689,"v":0.00143},{"c":null,"p":19281.39,"s":"BINANCE:BTCUSDT","t":1664697167689,"v":0.09283},{"c":null,"p":19281.44,"s":"BINANCE:BTCUSDT","t":1664697167689,"v":0.01},{"c":null,"p":19281.49,"s":"BINANCE:BTCUSDT","t":1664697167689,"v":0.00363},{"c":null,"p":19281.63,"s":"BINANCE:BTCUSDT","t":1664697167689,"v":0.31068},{"c":null,"p":19281.68,"s":"BINANCE:BTCUSDT","t":1664697167689,"v":0.00268},{"c":null,"p":19281.38,"s":"BINANCE:BTCUSDT","t":1664697167701,"v":0.00143},{"c":null,"p":19281.93,"s":"BINANCE:BTCUSDT","t":1664697167708,"v":0.01105},{"c":null,"p":19282,"s":"BINANCE:BTCUSDT","t":1664697167708,"v":0.00889}],"type":"trade"}

{"data":[{"c":null,"p":19282.02,"s":"BINANCE:BTCUSDT","t":1664697167708,"v":0.25931},{"c":null,"p":19282.03,"s":"BINANCE:BTCUSDT","t":1664697167708,"v":0.00104},{"c":null,"p":19282.12,"s":"BINANCE:BTCUSDT","t":1664697167708,"v":0.0013},{"c":null,"p":19282.23,"s":"BINANCE:BTCUSDT","t":1664697167708,"v":0.01394},{"c":null,"p":19282.25,"s":"BINANCE:BTCUSDT","t":1664697167708,"v":0.001},{"c":null,"p":19281.05,"s":"BINANCE:BTCUSDT","t":1664697167796,"v":0.01505},{"c":null,"p":19281.05,"s":"BINANCE:BTCUSDT","t":1664697167796,"v":0.07113}],"type":"trade"}

{"data":[{"c":null,"p":19282.02,"s":"BINANCE:BTCUSDT","t":1664697167860,"v":0.02972},{"c":null,"p":19281.06,"s":"BINANCE:BTCUSDT","t":1664697167944,"v":0.0199},{"c":null,"p":19281.22,"s":"BINANCE:BTCUSDT","t":1664697168057,"v":0.00361},{"c":null,"p":19281.16,"s":"BINANCE:BTCUSDT","t":1664697168187,"v":0.00181},{"c":null,"p":19281.15,"s":"BINANCE:BTCUSDT","t":1664697168187,"v":0.01819},{"c":null,"p":19281.15,"s":"BINANCE:BTCUSDT","t":1664697168329,"v":0.00181},{"c":null,"p":19281.07,"s":"BINANCE:BTCUSDT","t":1664697168415,"v":0.00181},{"c":null,"p":19281.07,"s":"BINANCE:BTCUSDT","t":1664697168497,"v":0.00155},{"c":null,"p":19281.06,"s":"BINANCE:BTCUSDT","t":1664697168517,"v":0.00155},{"c":null,"p":19281.05,"s":"BINANCE:BTCUSDT","t":1664697168517,"v":0.01942}],"type":"trade"}

{"data":[{"c":null,"p":19281.07,"s":"BINANCE:BTCUSDT","t":1664697168528,"v":0.00155},{"c":null,"p":19281.08,"s":"BINANCE:BTCUSDT","t":1664697168568,"v":0.00155},{"c":null,"p":19281.08,"s":"BINANCE:BTCUSDT","t":1664697168616,"v":0.00155},{"c":null,"p":19281.08,"s":"BINANCE:BTCUSDT","t":1664697168650,"v":0.00182},{"c":null,"p":19281.08,"s":"BINANCE:BTCUSDT","t":1664697168650,"v":0.0031},{"c":null,"p":19281.08,"s":"BINANCE:BTCUSDT","t":1664697168694,"v":0.00492},{"c":null,"p":19281.09,"s":"BINANCE:BTCUSDT","t":1664697168711,"v":0.00999},{"c":null,"p":19281.08,"s":"BINANCE:BTCUSDT","t":1664697168725,"v":0.00198},{"c":null,"p":19281.09,"s":"BINANCE:BTCUSDT","t":1664697168802,"v":0.00001},{"c":null,"p":19281.88,"s":"BINANCE:BTCUSDT","t":1664697168804,"v":0.0025}],"type":"trade"}

{"data":[{"c":null,"p":19281.45,"s":"BINANCE:BTCUSDT","t":1664697168889,"v":0.00362},{"c":null,"p":19281.35,"s":"BINANCE:BTCUSDT","t":1664697168889,"v":0.00407},{"c":null,"p":19281.83,"s":"BINANCE:BTCUSDT","t":1664697168891,"v":0.02295},{"c":null,"p":19281.88,"s":"BINANCE:BTCUSDT","t":1664697168891,"v":0.00292},{"c":null,"p":19281.89,"s":"BINANCE:BTCUSDT","t":1664697168891,"v":0.00524},{"c":null,"p":19281.36,"s":"BINANCE:BTCUSDT","t":1664697169038,"v":0.0774},{"c":null,"p":19281.37,"s":"BINANCE:BTCUSDT","t":1664697169140,"v":0.00143}],"type":"trade"}

{"data":[{"c":null,"p":19281.61,"s":"BINANCE:BTCUSDT","t":1664697169902,"v":0.00093},{"c":null,"p":19281.61,"s":"BINANCE:BTCUSDT","t":1664697169981,"v":0.0027},{"c":null,"p":19281.63,"s":"BINANCE:BTCUSDT","t":1664697169981,"v":0.00057},{"c":null,"p":19281.97,"s":"BINANCE:BTCUSDT","t":1664697169981,"v":0.00523},{"c":null,"p":19281.98,"s":"BINANCE:BTCUSDT","t":1664697169981,"v":0.02261},{"c":null,"p":19281.47,"s":"BINANCE:BTCUSDT","t":1664697170186,"v":0.01},{"c":null,"p":19281.96,"s":"BINANCE:BTCUSDT","t":1664697170186,"v":0.00919},{"c":null,"p":19281.96,"s":"BINANCE:BTCUSDT","t":1664697170186,"v":0.00164},{"c":null,"p":19281.97,"s":"BINANCE:BTCUSDT","t":1664697170186,"v":0.00716},{"c":null,"p":19281.98,"s":"BINANCE:BTCUSDT","t":1664697170186,"v":0.00014}],"type":"trade"}

{"data":[{"c":null,"p":19281.98,"s":"BINANCE:BTCUSDT","t":1664697170186,"v":0.02149},{"c":null,"p":19282.02,"s":"BINANCE:BTCUSDT","t":1664697170186,"v":0.22959},{"c":null,"p":19282.06,"s":"BINANCE:BTCUSDT","t":1664697170186,"v":0.01},{"c":null,"p":19282.26,"s":"BINANCE:BTCUSDT","t":1664697170186,"v":0.07739},{"c":null,"p":19282.27,"s":"BINANCE:BTCUSDT","t":1664697170186,"v":0.06826},{"c":null,"p":19282.26,"s":"BINANCE:BTCUSDT","t":1664697170206,"v":0.025},{"c":null,"p":19282.27,"s":"BINANCE:BTCUSDT","t":1664697170206,"v":0.0223},{"c":null,"p":19282.3,"s":"BINANCE:BTCUSDT","t":1664697170206,"v":0.00057},{"c":null,"p":19282.37,"s":"BINANCE:BTCUSDT","t":1664697170206,"v":0.001},{"c":null,"p":19282.39,"s":"BINANCE:BTCUSDT","t":1664697170206,"v":0.79508}],"type":"trade"}

{"data":[{"c":null,"p":19282.4,"s":"BINANCE:BTCUSDT","t":1664697170208,"v":0.10862},{"c":null,"p":19282.45,"s":"BINANCE:BTCUSDT","t":1664697170208,"v":0.00654},{"c":null,"p":19282.48,"s":"BINANCE:BTCUSDT","t":1664697170208,"v":1.24263},{"c":null,"p":19282.51,"s":"BINANCE:BTCUSDT","t":1664697170208,"v":0.0013},{"c":null,"p":19282.55,"s":"BINANCE:BTCUSDT","t":1664697170208,"v":0.0345},{"c":null,"p":19282.64,"s":"BINANCE:BTCUSDT","t":1664697170216,"v":0.09036},{"c":null,"p":19282.82,"s":"BINANCE:BTCUSDT","t":1664697170220,"v":0.00058},{"c":null,"p":19282.85,"s":"BINANCE:BTCUSDT","t":1664697170220,"v":0.01},{"c":null,"p":19283,"s":"BINANCE:BTCUSDT","t":1664697170220,"v":0.01},{"c":null,"p":19283,"s":"BINANCE:BTCUSDT","t":1664697170220,"v":0.01194}],"type":"trade"}

{"data":[{"c":null,"p":19283.03,"s":"BINANCE:BTCUSDT","t":1664697170220,"v":0.00104},{"c":null,"p":19283.03,"s":"BINANCE:BTCUSDT","t":1664697170220,"v":0.00057},{"c":null,"p":19282.91,"s":"BINANCE:BTCUSDT","t":1664697170230,"v":0.10862},{"c":null,"p":19283.22,"s":"BINANCE:BTCUSDT","t":1664697170230,"v":0.31795},{"c":null,"p":19283.23,"s":"BINANCE:BTCUSDT","t":1664697170230,"v":0.04896},{"c":null,"p":19283.23,"s":"BINANCE:BTCUSDT","t":1664697170230,"v":0.00128},{"c":null,"p":19283.23,"s":"BINANCE:BTCUSDT","t":1664697170230,"v":0.00865},{"c":null,"p":19283.24,"s":"BINANCE:BTCUSDT","t":1664697170230,"v":0.20752},{"c":null,"p":19283.24,"s":"BINANCE:BTCUSDT","t":1664697170230,"v":0.19232},{"c":null,"p":19283.25,"s":"BINANCE:BTCUSDT","t":1664697170230,"v":0.19202}],"type":"trade"}

{"data":[{"c":null,"p":19282.82,"s":"BINANCE:BTCUSDT","t":1664697170247,"v":0.00054},{"c":null,"p":19283.21,"s":"BINANCE:BTCUSDT","t":1664697170247,"v":0.13673},{"c":null,"p":19282.44,"s":"BINANCE:BTCUSDT","t":1664697170293,"v":0.00156},{"c":null,"p":19282.4,"s":"BINANCE:BTCUSDT","t":1664697170293,"v":0.00602},{"c":null,"p":19283.2,"s":"BINANCE:BTCUSDT","t":1664697170304,"v":0.00459},{"c":null,"p":19283.2,"s":"BINANCE:BTCUSDT","t":1664697170304,"v":0.0007},{"c":null,"p":19283.2,"s":"BINANCE:BTCUSDT","t":1664697170304,"v":0.02582},{"c":null,"p":19283.2,"s":"BINANCE:BTCUSDT","t":1664697170336,"v":0.001},{"c":null,"p":19282.42,"s":"BINANCE:BTCUSDT","t":1664697170339,"v":0.01898},{"c":null,"p":19282.41,"s":"BINANCE:BTCUSDT","t":1664697170339,"v":0.01903}],"type":"trade"}

{"data":[{"c":null,"p":19282.45,"s":"BINANCE:BTCUSDT","t":1664697170584,"v":0.003},{"c":null,"p":19282.44,"s":"BINANCE:BTCUSDT","t":1664697170623,"v":0.01181},{"c":null,"p":19282.45,"s":"BINANCE:BTCUSDT","t":1664697170623,"v":0.24449},{"c":null,"p":19282.12,"s":"BINANCE:BTCUSDT","t":1664697170655,"v":0.055}],"type":"trade"}

{"data":[{"c":null,"p":19282.45,"s":"BINANCE:BTCUSDT","t":1664697171082,"v":0.01181},{"c":null,"p":19282.45,"s":"BINANCE:BTCUSDT","t":1664697171082,"v":0.00219},{"c":null,"p":19282.45,"s":"BINANCE:BTCUSDT","t":1664697171167,"v":0.01},{"c":null,"p":19282.57,"s":"BINANCE:BTCUSDT","t":1664697171177,"v":0.00114},{"c":null,"p":19282.75,"s":"BINANCE:BTCUSDT","t":1664697171177,"v":0.48301},{"c":null,"p":19282.74,"s":"BINANCE:BTCUSDT","t":1664697171293,"v":0.00591},{"c":null,"p":19282.82,"s":"BINANCE:BTCUSDT","t":1664697171295,"v":0.00155},{"c":null,"p":19282.73,"s":"BINANCE:BTCUSDT","t":1664697171305,"v":0.2048},{"c":null,"p":19282.45,"s":"BINANCE:BTCUSDT","t":1664697171337,"v":0.00363},{"c":null,"p":19282.45,"s":"BINANCE:BTCUSDT","t":1664697171354,"v":0.01408}],"type":"trade"}

{"data":[{"c":null,"p":19282.45,"s":"BINANCE:BTCUSDT","t":1664697171354,"v":0.00656},{"c":null,"p":19282.45,"s":"BINANCE:BTCUSDT","t":1664697171354,"v":0.00093},{"c":null,"p":19282.44,"s":"BINANCE:BTCUSDT","t":1664697171354,"v":0.02951},{"c":null,"p":19282.44,"s":"BINANCE:BTCUSDT","t":1664697171354,"v":0.01},{"c":null,"p":19282.44,"s":"BINANCE:BTCUSDT","t":1664697171354,"v":0.01205},{"c":null,"p":19282.46,"s":"BINANCE:BTCUSDT","t":1664697171539,"v":0.02599},{"c":null,"p":19283.02,"s":"BINANCE:BTCUSDT","t":1664697171642,"v":0.01037},{"c":null,"p":19282.47,"s":"BINANCE:BTCUSDT","t":1664697171706,"v":0.00198},{"c":null,"p":19282.7,"s":"BINANCE:BTCUSDT","t":1664697171801,"v":0.02745},{"c":null,"p":19282.43,"s":"BINANCE:BTCUSDT","t":1664697171812,"v":0.00114}],"type":"trade"}

{"data":[{"c":null,"p":19282.43,"s":"BINANCE:BTCUSDT","t":1664697171812,"v":0.00101}],"type":"trade"}

{"data":[{"c":null,"p":19282.33,"s":"BINANCE:BTCUSDT","t":1664697171918,"v":0.00093},{"c":null,"p":19282.32,"s":"BINANCE:BTCUSDT","t":1664697172047,"v":0.00502},{"c":null,"p":19282.33,"s":"BINANCE:BTCUSDT","t":1664697172056,"v":0.00104},{"c":null,"p":19282.33,"s":"BINANCE:BTCUSDT","t":1664697172220,"v":0.00803},{"c":null,"p":19282.94,"s":"BINANCE:BTCUSDT","t":1664697172220,"v":0.00234},{"c":null,"p":19282.82,"s":"BINANCE:BTCUSDT","t":1664697172557,"v":0.00104},{"c":null,"p":19282.81,"s":"BINANCE:BTCUSDT","t":1664697172603,"v":0.00078}],"type":"trade"}

{"data":[{"c":null,"p":19282.76,"s":"BINANCE:BTCUSDT","t":1664697172842,"v":0.001},{"c":null,"p":19282.92,"s":"BINANCE:BTCUSDT","t":1664697172953,"v":0.15604},{"c":null,"p":19282.93,"s":"BINANCE:BTCUSDT","t":1664697172953,"v":0.05501},{"c":null,"p":19282.94,"s":"BINANCE:BTCUSDT","t":1664697172953,"v":0.54497},{"c":null,"p":19282.94,"s":"BINANCE:BTCUSDT","t":1664697172953,"v":0.02448},{"c":null,"p":19282.92,"s":"BINANCE:BTCUSDT","t":1664697172975,"v":0.13292},{"c":null,"p":19282.84,"s":"BINANCE:BTCUSDT","t":1664697172990,"v":0.02728},{"c":null,"p":19282.59,"s":"BINANCE:BTCUSDT","t":1664697173262,"v":0.00093},{"c":null,"p":19282.59,"s":"BINANCE:BTCUSDT","t":1664697173563,"v":0.00093},{"c":null,"p":19282.58,"s":"BINANCE:BTCUSDT","t":1664697173592,"v":0.006}],"type":"trade"}

{"data":[{"c":null,"p":19282.58,"s":"BINANCE:BTCUSDT","t":1664697173629,"v":0.012},{"c":null,"p":19282.58,"s":"BINANCE:BTCUSDT","t":1664697173681,"v":0.0079},{"c":null,"p":19282.58,"s":"BINANCE:BTCUSDT","t":1664697173681,"v":0.01},{"c":null,"p":19282.58,"s":"BINANCE:BTCUSDT","t":1664697173681,"v":0.0061},{"c":null,"p":19282.58,"s":"BINANCE:BTCUSDT","t":1664697173726,"v":0.048},{"c":null,"p":19282.58,"s":"BINANCE:BTCUSDT","t":1664697173764,"v":0.0025},{"c":null,"p":19282.58,"s":"BINANCE:BTCUSDT","t":1664697173765,"v":0.096}],"type":"trade"}

{"data":[{"c":null,"p":19282.59,"s":"BINANCE:BTCUSDT","t":1664697173825,"v":0.00814},{"c":null,"p":19282.59,"s":"BINANCE:BTCUSDT","t":1664697173825,"v":0.01},{"c":null,"p":19282.59,"s":"BINANCE:BTCUSDT","t":1664697173825,"v":0.02271},{"c":null,"p":19282.8,"s":"BINANCE:BTCUSDT","t":1664697173825,"v":0.00267},{"c":null,"p":19283.04,"s":"BINANCE:BTCUSDT","t":1664697173825,"v":0.00057},{"c":null,"p":19283.18,"s":"BINANCE:BTCUSDT","t":1664697173825,"v":0.01224},{"c":null,"p":19283.19,"s":"BINANCE:BTCUSDT","t":1664697173825,"v":0.1329},{"c":null,"p":19283.2,"s":"BINANCE:BTCUSDT","t":1664697173825,"v":0.00485},{"c":null,"p":19283.23,"s":"BINANCE:BTCUSDT","t":1664697173825,"v":0.00056},{"c":null,"p":19283.25,"s":"BINANCE:BTCUSDT","t":1664697173859,"v":0.32657}],"type":"trade"}

{"data":[{"c":null,"p":19282.74,"s":"BINANCE:BTCUSDT","t":1664697173885,"v":0.2593},{"c":null,"p":19282.63,"s":"BINANCE:BTCUSDT","t":1664697173953,"v":0.00104},{"c":null,"p":19282.61,"s":"BINANCE:BTCUSDT","t":1664697173953,"v":0.14896},{"c":null,"p":19282.75,"s":"BINANCE:BTCUSDT","t":1664697174011,"v":0.02},{"c":null,"p":19282.64,"s":"BINANCE:BTCUSDT","t":1664697174034,"v":0.01287},{"c":null,"p":19282.64,"s":"BINANCE:BTCUSDT","t":1664697174040,"v":0.14312},{"c":null,"p":19282.63,"s":"BINANCE:BTCUSDT","t":1664697174040,"v":0.00688},{"c":null,"p":19282.63,"s":"BINANCE:BTCUSDT","t":1664697174097,"v":0.00396},{"c":null,"p":19282.58,"s":"BINANCE:BTCUSDT","t":1664697174100,"v":0.00142},{"c":null,"p":19282.64,"s":"BINANCE:BTCUSDT","t":1664697174118,"v":0.00783}],"type":"trade"}

{"data":[{"c":null,"p":19282.57,"s":"BINANCE:BTCUSDT","t":1664697174154,"v":0.00057},{"c":null,"p":19282.33,"s":"BINANCE:BTCUSDT","t":1664697174154,"v":0.00193},{"c":null,"p":19282.33,"s":"BINANCE:BTCUSDT","t":1664697174255,"v":0.00498},{"c":null,"p":19282.68,"s":"BINANCE:BTCUSDT","t":1664697174286,"v":0.02461},{"c":null,"p":19282.69,"s":"BINANCE:BTCUSDT","t":1664697174303,"v":0.00093},{"c":null,"p":19282.34,"s":"BINANCE:BTCUSDT","t":1664697174357,"v":0.0059},{"c":null,"p":19282.33,"s":"BINANCE:BTCUSDT","t":1664697174445,"v":0.00198},{"c":null,"p":19282.58,"s":"BINANCE:BTCUSDT","t":1664697174570,"v":0.00093},{"c":null,"p":19282.33,"s":"BINANCE:BTCUSDT","t":1664697174582,"v":0.00143},{"c":null,"p":19282.32,"s":"BINANCE:BTCUSDT","t":1664697174582,"v":0.00355}],"type":"trade"}

{"data":[{"c":null,"p":19282.58,"s":"BINANCE:BTCUSDT","t":1664697174688,"v":0.00492},{"c":null,"p":19282.59,"s":"BINANCE:BTCUSDT","t":1664697174688,"v":0.2593},{"c":null,"p":19282.59,"s":"BINANCE:BTCUSDT","t":1664697174688,"v":0.02899},{"c":null,"p":19282.69,"s":"BINANCE:BTCUSDT","t":1664697174688,"v":0.00907},{"c":null,"p":19282.96,"s":"BINANCE:BTCUSDT","t":1664697174688,"v":0.09899},{"c":null,"p":19282.96,"s":"BINANCE:BTCUSDT","t":1664697174702,"v":0.03391},{"c":null,"p":19282.97,"s":"BINANCE:BTCUSDT","t":1664697174702,"v":0.025},{"c":null,"p":19283,"s":"BINANCE:BTCUSDT","t":1664697174702,"v":0.00062},{"c":null,"p":19283.04,"s":"BINANCE:BTCUSDT","t":1664697174705,"v":0.20357},{"c":null,"p":19283.22,"s":"BINANCE:BTCUSDT","t":1664697174705,"v":0.00143}],"type":"trade"}

{"data":[{"c":null,"p":19283.25,"s":"BINANCE:BTCUSDT","t":1664697174705,"v":0.51859},{"c":null,"p":19283.42,"s":"BINANCE:BTCUSDT","t":1664697174705,"v":0.01115},{"c":null,"p":19283.45,"s":"BINANCE:BTCUSDT","t":1664697174705,"v":0.00396},{"c":null,"p":19283.46,"s":"BINANCE:BTCUSDT","t":1664697174705,"v":0.0013},{"c":null,"p":19282.34,"s":"BINANCE:BTCUSDT","t":1664697174712,"v":0.00143},{"c":null,"p":19283.66,"s":"BINANCE:BTCUSDT","t":1664697174721,"v":0.50206},{"c":null,"p":19283.67,"s":"BINANCE:BTCUSDT","t":1664697174721,"v":0.00057},{"c":null,"p":19283.78,"s":"BINANCE:BTCUSDT","t":1664697174721,"v":0.0068},{"c":null,"p":19283.79,"s":"BINANCE:BTCUSDT","t":1664697174721,"v":0.01},{"c":null,"p":19283.93,"s":"BINANCE:BTCUSDT","t":1664697174723,"v":0.00533}],"type":"trade"}

{"data":[{"c":null,"p":19284,"s":"BINANCE:BTCUSDT","t":1664697174723,"v":0.00056},{"c":null,"p":19284,"s":"BINANCE:BTCUSDT","t":1664697174723,"v":0.00907},{"c":null,"p":19284.03,"s":"BINANCE:BTCUSDT","t":1664697174723,"v":0.00104},{"c":null,"p":19284.08,"s":"BINANCE:BTCUSDT","t":1664697174723,"v":0.04641},{"c":null,"p":19284.19,"s":"BINANCE:BTCUSDT","t":1664697174723,"v":0.00654},{"c":null,"p":19284.2,"s":"BINANCE:BTCUSDT","t":1664697174723,"v":0.00363},{"c":null,"p":19284.22,"s":"BINANCE:BTCUSDT","t":1664697174723,"v":0.1},{"c":null,"p":19284.23,"s":"BINANCE:BTCUSDT","t":1664697174723,"v":0.00058},{"c":null,"p":19283.64,"s":"BINANCE:BTCUSDT","t":1664697174772,"v":0.0615}],"type":"trade"}

{"data":[{"c":null,"p":19283.13,"s":"BINANCE:BTCUSDT","t":1664697174829,"v":0.025},{"c":null,"p":19283.51,"s":"BINANCE:BTCUSDT","t":1664697174914,"v":0.00104},{"c":null,"p":19283.5,"s":"BINANCE:BTCUSDT","t":1664697174924,"v":0.00311},{"c":null,"p":19283.51,"s":"BINANCE:BTCUSDT","t":1664697174926,"v":0.0001},{"c":null,"p":19283.5,"s":"BINANCE:BTCUSDT","t":1664697174973,"v":0.01311},{"c":null,"p":19283.5,"s":"BINANCE:BTCUSDT","t":1664697175012,"v":0.00104},{"c":null,"p":19283.5,"s":"BINANCE:BTCUSDT","t":1664697175175,"v":0.00613},{"c":null,"p":19283.5,"s":"BINANCE:BTCUSDT","t":1664697175175,"v":0.05319},{"c":null,"p":19283.5,"s":"BINANCE:BTCUSDT","t":1664697175180,"v":0.01311},{"c":null,"p":19283.5,"s":"BINANCE:BTCUSDT","t":1664697175226,"v":0.0135}],"type":"trade"}

{"data":[{"c":null,"p":19283.2,"s":"BINANCE:BTCUSDT","t":1664697175238,"v":0.1},{"c":null,"p":19283.21,"s":"BINANCE:BTCUSDT","t":1664697175322,"v":0.00613},{"c":null,"p":19283.21,"s":"BINANCE:BTCUSDT","t":1664697175322,"v":0.00392},{"c":null,"p":19283.2,"s":"BINANCE:BTCUSDT","t":1664697175322,"v":0.05486},{"c":null,"p":19283.49,"s":"BINANCE:BTCUSDT","t":1664697175342,"v":0.005},{"c":null,"p":19283.2,"s":"BINANCE:BTCUSDT","t":1664697175346,"v":0.52368},{"c":null,"p":19283.2,"s":"BINANCE:BTCUSDT","t":1664697175357,"v":0.58443},{"c":null,"p":19283.04,"s":"BINANCE:BTCUSDT","t":1664697175357,"v":0.00057},{"c":null,"p":19283.03,"s":"BINANCE:BTCUSDT","t":1664697175357,"v":0.00104},{"c":null,"p":19282.78,"s":"BINANCE:BTCUSDT","t":1664697175369,"v":0.00489}],"type":"trade"}

{"data":[{"c":null,"p":19282.77,"s":"BINANCE:BTCUSDT","t":1664697175369,"v":0.00692},{"c":null,"p":19282.72,"s":"BINANCE:BTCUSDT","t":1664697175369,"v":0.0013},{"c":null,"p":19282.7,"s":"BINANCE:BTCUSDT","t":1664697175369,"v":0.18884},{"c":null,"p":19282.69,"s":"BINANCE:BTCUSDT","t":1664697175369,"v":0.42123},{"c":null,"p":19282.7,"s":"BINANCE:BTCUSDT","t":1664697175384,"v":0.025},{"c":null,"p":19282.78,"s":"BINANCE:BTCUSDT","t":1664697175384,"v":0.025},{"c":null,"p":19283.43,"s":"BINANCE:BTCUSDT","t":1664697175384,"v":0.04},{"c":null,"p":19283.46,"s":"BINANCE:BTCUSDT","t":1664697175384,"v":0.025},{"c":null,"p":19283.47,"s":"BINANCE:BTCUSDT","t":1664697175384,"v":0.025},{"c":null,"p":19283.48,"s":"BINANCE:BTCUSDT","t":1664697175384,"v":0.02695}],"type":"trade"}

{"data":[{"c":null,"p":19283.49,"s":"BINANCE:BTCUSDT","t":1664697175384,"v":0.01464},{"c":null,"p":19283.5,"s":"BINANCE:BTCUSDT","t":1664697175384,"v":0.0135},{"c":null,"p":19283.51,"s":"BINANCE:BTCUSDT","t":1664697175384,"v":0.03314},{"c":null,"p":19282.78,"s":"BINANCE:BTCUSDT","t":1664697175393,"v":0.2762},{"c":null,"p":19282.69,"s":"BINANCE:BTCUSDT","t":1664697175393,"v":0.00102},{"c":null,"p":19282.69,"s":"BINANCE:BTCUSDT","t":1664697175393,"v":0.00563},{"c":null,"p":19283.45,"s":"BINANCE:BTCUSDT","t":1664697175410,"v":0.00503},{"c":null,"p":19283.36,"s":"BINANCE:BTCUSDT","t":1664697175441,"v":0.02133},{"c":null,"p":19282.8,"s":"BINANCE:BTCUSDT","t":1664697175489,"v":0.02022},{"c":null,"p":19282.92,"s":"BINANCE:BTCUSDT","t":1664697175520,"v":0.025}],"type":"trade"}

{"data":[{"c":null,"p":19282.93,"s":"BINANCE:BTCUSDT","t":1664697175545,"v":0.025},{"c":null,"p":19282.94,"s":"BINANCE:BTCUSDT","t":1664697175573,"v":0.0103}],"type":"trade"}

{"data":[{"c":null,"p":19283.38,"s":"BINANCE:BTCUSDT","t":1664697175927,"v":0.00057},{"c":null,"p":19283.38,"s":"BINANCE:BTCUSDT","t":1664697175936,"v":0.00104},{"c":null,"p":19283.46,"s":"BINANCE:BTCUSDT","t":1664697176102,"v":0.00369},{"c":null,"p":19283.47,"s":"BINANCE:BTCUSDT","t":1664697176102,"v":0.00545},{"c":null,"p":19283.47,"s":"BINANCE:BTCUSDT","t":1664697176102,"v":0.00201},{"c":null,"p":19283.26,"s":"BINANCE:BTCUSDT","t":1664697176110,"v":0.0147},{"c":null,"p":19283.16,"s":"BINANCE:BTCUSDT","t":1664697176223,"v":0.06544},{"c":null,"p":19283.16,"s":"BINANCE:BTCUSDT","t":1664697176373,"v":0.01918},{"c":null,"p":19283.23,"s":"BINANCE:BTCUSDT","t":1664697176438,"v":0.00093},{"c":null,"p":19283.2,"s":"BINANCE:BTCUSDT","t":1664697176575,"v":0.00093}],"type":"trade"}

{"data":[{"c":null,"p":19283.17,"s":"BINANCE:BTCUSDT","t":1664697176606,"v":0.00537},{"c":null,"p":19283.16,"s":"BINANCE:BTCUSDT","t":1664697176606,"v":1.01655},{"c":null,"p":19283.06,"s":"BINANCE:BTCUSDT","t":1664697176606,"v":0.01463},{"c":null,"p":19283.06,"s":"BINANCE:BTCUSDT","t":1664697176724,"v":0.00537},{"c":null,"p":19282.98,"s":"BINANCE:BTCUSDT","t":1664697176742,"v":0.00536}],"type":"trade"}

{"data":[{"c":null,"p":19283.06,"s":"BINANCE:BTCUSDT","t":1664697176907,"v":0.00093},{"c":null,"p":19283.05,"s":"BINANCE:BTCUSDT","t":1664697176992,"v":0.01031},{"c":null,"p":19283.05,"s":"BINANCE:BTCUSDT","t":1664697177000,"v":0.02615},{"c":null,"p":19282.98,"s":"BINANCE:BTCUSDT","t":1664697177000,"v":0.00464},{"c":null,"p":19282.86,"s":"BINANCE:BTCUSDT","t":1664697177000,"v":0.01},{"c":null,"p":19282.75,"s":"BINANCE:BTCUSDT","t":1664697177000,"v":0.00023},{"c":null,"p":19282.75,"s":"BINANCE:BTCUSDT","t":1664697177026,"v":0.00063},{"c":null,"p":19282.75,"s":"BINANCE:BTCUSDT","t":1664697177035,"v":0.00183},{"c":null,"p":19282.74,"s":"BINANCE:BTCUSDT","t":1664697177236,"v":0.04373},{"c":null,"p":19282.75,"s":"BINANCE:BTCUSDT","t":1664697177278,"v":0.00516}],"type":"trade"}

{"data":[{"c":null,"p":19282.75,"s":"BINANCE:BTCUSDT","t":1664697177535,"v":0.00253},{"c":null,"p":19282.74,"s":"BINANCE:BTCUSDT","t":1664697177802,"v":0.06256}],"type":"trade"}

{"data":[{"c":null,"p":19282.75,"s":"BINANCE:BTCUSDT","t":1664697177924,"v":0.00093},{"c":null,"p":19282.74,"s":"BINANCE:BTCUSDT","t":1664697177999,"v":0.02492},{"c":null,"p":19282.75,"s":"BINANCE:BTCUSDT","t":1664697178017,"v":0.02601},{"c":null,"p":19282.75,"s":"BINANCE:BTCUSDT","t":1664697178017,"v":0.1},{"c":null,"p":19282.75,"s":"BINANCE:BTCUSDT","t":1664697178017,"v":0.04087},{"c":null,"p":19282.77,"s":"BINANCE:BTCUSDT","t":1664697178017,"v":0.01876},{"c":null,"p":19283.49,"s":"BINANCE:BTCUSDT","t":1664697178023,"v":0.00268},{"c":null,"p":19283.6,"s":"BINANCE:BTCUSDT","t":1664697178023,"v":0.0013},{"c":null,"p":19283.75,"s":"BINANCE:BTCUSDT","t":1664697178023,"v":0.001},{"c":null,"p":19283.78,"s":"BINANCE:BTCUSDT","t":1664697178023,"v":0.03724}],"type":"trade"}

{"data":[{"c":null,"p":19283.79,"s":"BINANCE:BTCUSDT","t":1664697178023,"v":0.06544},{"c":null,"p":19283.8,"s":"BINANCE:BTCUSDT","t":1664697178023,"v":0.25928},{"c":null,"p":19283.94,"s":"BINANCE:BTCUSDT","t":1664697178023,"v":0.00786},{"c":null,"p":19284.03,"s":"BINANCE:BTCUSDT","t":1664697178030,"v":0.00104},{"c":null,"p":19284.03,"s":"BINANCE:BTCUSDT","t":1664697178030,"v":0.00196},{"c":null,"p":19284.03,"s":"BINANCE:BTCUSDT","t":1664697178061,"v":0.05186},{"c":null,"p":19283.24,"s":"BINANCE:BTCUSDT","t":1664697178072,"v":0.01028},{"c":null,"p":19283.03,"s":"BINANCE:BTCUSDT","t":1664697178072,"v":0.00104},{"c":null,"p":19282.94,"s":"BINANCE:BTCUSDT","t":1664697178072,"v":0.025},{"c":null,"p":19282.87,"s":"BINANCE:BTCUSDT","t":1664697178072,"v":0.01352}],"type":"trade"}

{"data":[{"c":null,"p":19283.98,"s":"BINANCE:BTCUSDT","t":1664697178127,"v":0.00114},{"c":null,"p":19284.02,"s":"BINANCE:BTCUSDT","t":1664697178127,"v":0.0025},{"c":null,"p":19284.02,"s":"BINANCE:BTCUSDT","t":1664697178127,"v":0.00036},{"c":null,"p":19283.02,"s":"BINANCE:BTCUSDT","t":1664697178276,"v":0.01132},{"c":null,"p":19284.01,"s":"BINANCE:BTCUSDT","t":1664697178308,"v":0.00125},{"c":null,"p":19284.02,"s":"BINANCE:BTCUSDT","t":1664697178308,"v":0.00226},{"c":null,"p":19284.02,"s":"BINANCE:BTCUSDT","t":1664697178308,"v":0.00819},{"c":null,"p":19284.02,"s":"BINANCE:BTCUSDT","t":1664697178369,"v":0.00482},{"c":null,"p":19283.02,"s":"BINANCE:BTCUSDT","t":1664697178372,"v":0.0883},{"c":null,"p":19283.51,"s":"BINANCE:BTCUSDT","t":1664697178650,"v":0.00057}],"type":"trade"}

{"data":[{"c":null,"p":19283.95,"s":"BINANCE:BTCUSDT","t":1664697178790,"v":0.02379}],"type":"trade"}

{"data":[{"c":null,"p":19283.52,"s":"BINANCE:BTCUSDT","t":1664697178907,"v":0.00592},{"c":null,"p":19283.51,"s":"BINANCE:BTCUSDT","t":1664697178907,"v":0.01},{"c":null,"p":19283.5,"s":"BINANCE:BTCUSDT","t":1664697178907,"v":0.76858},{"c":null,"p":19283.49,"s":"BINANCE:BTCUSDT","t":1664697179065,"v":0.0217},{"c":null,"p":19283.05,"s":"BINANCE:BTCUSDT","t":1664697179065,"v":0.00296},{"c":null,"p":19283.04,"s":"BINANCE:BTCUSDT","t":1664697179065,"v":0.1196},{"c":null,"p":19283.5,"s":"BINANCE:BTCUSDT","t":1664697179103,"v":0.007},{"c":null,"p":19283.33,"s":"BINANCE:BTCUSDT","t":1664697179195,"v":0.02065},{"c":null,"p":19283.29,"s":"BINANCE:BTCUSDT","t":1664697179195,"v":0.12931},{"c":null,"p":19283.29,"s":"BINANCE:BTCUSDT","t":1664697179369,"v":0.14984}],"type":"trade"}

{"data":[{"c":null,"p":19283.33,"s":"BINANCE:BTCUSDT","t":1664697179578,"v":0.02048},{"c":null,"p":19283.48,"s":"BINANCE:BTCUSDT","t":1664697179684,"v":0.02048},{"c":null,"p":19283.48,"s":"BINANCE:BTCUSDT","t":1664697179784,"v":0.01}],"type":"trade"}

{"data":[{"c":null,"p":19283.48,"s":"BINANCE:BTCUSDT","t":1664697179917,"v":0.00082},{"c":null,"p":19283.48,"s":"BINANCE:BTCUSDT","t":1664697179928,"v":0.00184},{"c":null,"p":19283.49,"s":"BINANCE:BTCUSDT","t":1664697179928,"v":0.00065},{"c":null,"p":19283.49,"s":"BINANCE:BTCUSDT","t":1664697179928,"v":0.00095},{"c":null,"p":19283.49,"s":"BINANCE:BTCUSDT","t":1664697179929,"v":0.00361},{"c":null,"p":19283.49,"s":"BINANCE:BTCUSDT","t":1664697179930,"v":0.00075},{"c":null,"p":19283.48,"s":"BINANCE:BTCUSDT","t":1664697179947,"v":0.00297},{"c":null,"p":19283.48,"s":"BINANCE:BTCUSDT","t":1664697179951,"v":0.00085},{"c":null,"p":19283.49,"s":"BINANCE:BTCUSDT","t":1664697179952,"v":0.00295},{"c":null,"p":19283.48,"s":"BINANCE:BTCUSDT","t":1664697179954,"v":0.01122}],"type":"trade"}

{"data":[{"c":null,"p":19283.49,"s":"BINANCE:BTCUSDT","t":1664697179958,"v":0.0019},{"c":null,"p":19283.3,"s":"BINANCE:BTCUSDT","t":1664697179972,"v":0.00172},{"c":null,"p":19283.49,"s":"BINANCE:BTCUSDT","t":1664697179975,"v":0.00188},{"c":null,"p":19283.3,"s":"BINANCE:BTCUSDT","t":1664697179975,"v":0.00069},{"c":null,"p":19283.3,"s":"BINANCE:BTCUSDT","t":1664697179975,"v":0.25704},{"c":null,"p":19283.49,"s":"BINANCE:BTCUSDT","t":1664697179980,"v":0.0012},{"c":null,"p":19283.49,"s":"BINANCE:BTCUSDT","t":1664697179982,"v":0.0032},{"c":null,"p":19283.28,"s":"BINANCE:BTCUSDT","t":1664697179983,"v":0.00062},{"c":null,"p":19283.49,"s":"BINANCE:BTCUSDT","t":1664697179983,"v":0.0009},{"c":null,"p":19283.28,"s":"BINANCE:BTCUSDT","t":1664697179984,"v":0.00097}],"type":"trade"}

{"data":[{"c":null,"p":19283.28,"s":"BINANCE:BTCUSDT","t":1664697179985,"v":0.00353},{"c":null,"p":19283.28,"s":"BINANCE:BTCUSDT","t":1664697179985,"v":0.00082},{"c":null,"p":19283.48,"s":"BINANCE:BTCUSDT","t":1664697179986,"v":0.00243},{"c":null,"p":19283.48,"s":"BINANCE:BTCUSDT","t":1664697179987,"v":0.00229},{"c":null,"p":19283.28,"s":"BINANCE:BTCUSDT","t":1664697179987,"v":0.00234},{"c":null,"p":19283.28,"s":"BINANCE:BTCUSDT","t":1664697179988,"v":0.00072},{"c":null,"p":19283.28,"s":"BINANCE:BTCUSDT","t":1664697179988,"v":0.00123},{"c":null,"p":19283.28,"s":"BINANCE:BTCUSDT","t":1664697179989,"v":0.00106},{"c":null,"p":19283.48,"s":"BINANCE:BTCUSDT","t":1664697179990,"v":0.00102},{"c":null,"p":19283.48,"s":"BINANCE:BTCUSDT","t":1664697179992,"v":0.00187}],"type":"trade"}

{"data":[{"c":null,"p":19283.45,"s":"BINANCE:BTCUSDT","t":1664697179994,"v":0.00227},{"c":null,"p":19283.45,"s":"BINANCE:BTCUSDT","t":1664697179995,"v":0.00111},{"c":null,"p":19283.29,"s":"BINANCE:BTCUSDT","t":1664697179996,"v":0.00079},{"c":null,"p":19283.45,"s":"BINANCE:BTCUSDT","t":1664697179998,"v":0.0015},{"c":null,"p":19283.45,"s":"BINANCE:BTCUSDT","t":1664697180006,"v":0.00008},{"c":null,"p":19283.49,"s":"BINANCE:BTCUSDT","t":1664697180006,"v":0.00328},{"c":null,"p":19283.49,"s":"BINANCE:BTCUSDT","t":1664697180006,"v":0.00145},{"c":null,"p":19283.28,"s":"BINANCE:BTCUSDT","t":1664697180011,"v":0.00245},{"c":null,"p":19283.48,"s":"BINANCE:BTCUSDT","t":1664697180018,"v":0.00211},{"c":null,"p":19283.48,"s":"BINANCE:BTCUSDT","t":1664697180020,"v":0.00319}],"type":"trade"}

{"data":[{"c":null,"p":19283.29,"s":"BINANCE:BTCUSDT","t":1664697180020,"v":0.00068},{"c":null,"p":19283.48,"s":"BINANCE:BTCUSDT","t":1664697180020,"v":0.00045},{"c":null,"p":19283.49,"s":"BINANCE:BTCUSDT","t":1664697180020,"v":0.00083},{"c":null,"p":19283.29,"s":"BINANCE:BTCUSDT","t":1664697180021,"v":0.00066},{"c":null,"p":19283.28,"s":"BINANCE:BTCUSDT","t":1664697180021,"v":0.0009},{"c":null,"p":19283.28,"s":"BINANCE:BTCUSDT","t":1664697180022,"v":0.00423},{"c":null,"p":19283.49,"s":"BINANCE:BTCUSDT","t":1664697180023,"v":0.00414},{"c":null,"p":19283.49,"s":"BINANCE:BTCUSDT","t":1664697180024,"v":0.00077},{"c":null,"p":19283.49,"s":"BINANCE:BTCUSDT","t":1664697180025,"v":0.00074},{"c":null,"p":19283.28,"s":"BINANCE:BTCUSDT","t":1664697180026,"v":0.0013}],"type":"trade"}

{"data":[{"c":null,"p":19283.49,"s":"BINANCE:BTCUSDT","t":1664697180029,"v":0.00111},{"c":null,"p":19283.28,"s":"BINANCE:BTCUSDT","t":1664697180030,"v":0.00399},{"c":null,"p":19283.28,"s":"BINANCE:BTCUSDT","t":1664697180034,"v":0.00294},{"c":null,"p":19283.28,"s":"BINANCE:BTCUSDT","t":1664697180034,"v":0.00286},{"c":null,"p":19283.49,"s":"BINANCE:BTCUSDT","t":1664697180034,"v":0.00071},{"c":null,"p":19283.28,"s":"BINANCE:BTCUSDT","t":1664697180034,"v":0.00103},{"c":null,"p":19283.49,"s":"BINANCE:BTCUSDT","t":1664697180034,"v":0.0021},{"c":null,"p":19283.28,"s":"BINANCE:BTCUSDT","t":1664697180036,"v":0.00265},{"c":null,"p":19283.49,"s":"BINANCE:BTCUSDT","t":1664697180038,"v":0.00028},{"c":null,"p":19283.49,"s":"BINANCE:BTCUSDT","t":1664697180038,"v":0.00045}],"type":"trade"}

{"data":[{"c":null,"p":19283.49,"s":"BINANCE:BTCUSDT","t":1664697180039,"v":0.00152},{"c":null,"p":19283.28,"s":"BINANCE:BTCUSDT","t":1664697180040,"v":0.00143},{"c":null,"p":19283.87,"s":"BINANCE:BTCUSDT","t":1664697180042,"v":0.00115},{"c":null,"p":19283.87,"s":"BINANCE:BTCUSDT","t":1664697180044,"v":0.00019},{"c":null,"p":19284,"s":"BINANCE:BTCUSDT","t":1664697180044,"v":0.00086},{"c":null,"p":19283.28,"s":"BINANCE:BTCUSDT","t":1664697180044,"v":0.00095},{"c":null,"p":19284,"s":"BINANCE:BTCUSDT","t":1664697180046,"v":0.00065},{"c":null,"p":19283.28,"s":"BINANCE:BTCUSDT","t":1664697180047,"v":0.00062},{"c":null,"p":19283.28,"s":"BINANCE:BTCUSDT","t":1664697180048,"v":0.00305},{"c":null,"p":19284,"s":"BINANCE:BTCUSDT","t":1664697180048,"v":0.00067}],"type":"trade"}

{"data":[{"c":null,"p":19284,"s":"BINANCE:BTCUSDT","t":1664697180052,"v":0.0011},{"c":null,"p":19283.29,"s":"BINANCE:BTCUSDT","t":1664697180054,"v":0.00196},{"c":null,"p":19283.3,"s":"BINANCE:BTCUSDT","t":1664697180060,"v":0.00189},{"c":null,"p":19284,"s":"BINANCE:BTCUSDT","t":1664697180062,"v":0.00318},{"c":null,"p":19283.31,"s":"BINANCE:BTCUSDT","t":1664697180077,"v":0.11791},{"c":null,"p":19283.3,"s":"BINANCE:BTCUSDT","t":1664697180077,"v":0.00539},{"c":null,"p":19283.32,"s":"BINANCE:BTCUSDT","t":1664697180113,"v":0.00328},{"c":null,"p":19283.32,"s":"BINANCE:BTCUSDT","t":1664697180113,"v":0.00424},{"c":null,"p":19283.23,"s":"BINANCE:BTCUSDT","t":1664697180386,"v":0.19362},{"c":null,"p":19283.32,"s":"BINANCE:BTCUSDT","t":1664697180386,"v":0.02695}],"type":"trade"}

{"data":[{"c":null,"p":19283.32,"s":"BINANCE:BTCUSDT","t":1664697180386,"v":0.00973},{"c":null,"p":19283.32,"s":"BINANCE:BTCUSDT","t":1664697180386,"v":0.00492},{"c":null,"p":19283.33,"s":"BINANCE:BTCUSDT","t":1664697180386,"v":0.01},{"c":null,"p":19283.33,"s":"BINANCE:BTCUSDT","t":1664697180386,"v":0.03796},{"c":null,"p":19283.33,"s":"BINANCE:BTCUSDT","t":1664697180386,"v":0.03599},{"c":null,"p":19283.04,"s":"BINANCE:BTCUSDT","t":1664697180438,"v":0.01389},{"c":null,"p":19283.04,"s":"BINANCE:BTCUSDT","t":1664697180481,"v":0.00134},{"c":null,"p":19283.05,"s":"BINANCE:BTCUSDT","t":1664697180513,"v":0.00134},{"c":null,"p":19283.05,"s":"BINANCE:BTCUSDT","t":1664697180543,"v":0.00134},{"c":null,"p":19283.05,"s":"BINANCE:BTCUSDT","t":1664697180577,"v":0.00134}],"type":"trade"}

{"data":[{"c":null,"p":19283.05,"s":"BINANCE:BTCUSDT","t":1664697180618,"v":0.01181},{"c":null,"p":19283.04,"s":"BINANCE:BTCUSDT","t":1664697180666,"v":0.00057},{"c":null,"p":19282.98,"s":"BINANCE:BTCUSDT","t":1664697180666,"v":0.01132},{"c":null,"p":19282.9,"s":"BINANCE:BTCUSDT","t":1664697180666,"v":0.01811}],"type":"trade"}

{"data":[{"c":null,"p":19282.94,"s":"BINANCE:BTCUSDT","t":1664697180899,"v":0.02764},{"c":null,"p":19282.89,"s":"BINANCE:BTCUSDT","t":1664697180899,"v":0.05014},{"c":null,"p":19282.77,"s":"BINANCE:BTCUSDT","t":1664697180922,"v":0.00093},{"c":null,"p":19282.91,"s":"BINANCE:BTCUSDT","t":1664697181188,"v":0.01},{"c":null,"p":19282.74,"s":"BINANCE:BTCUSDT","t":1664697181188,"v":0.01},{"c":null,"p":19282.68,"s":"BINANCE:BTCUSDT","t":1664697181188,"v":0.02659},{"c":null,"p":19282.68,"s":"BINANCE:BTCUSDT","t":1664697181188,"v":0.1269},{"c":null,"p":19282.68,"s":"BINANCE:BTCUSDT","t":1664697181188,"v":0.00209},{"c":null,"p":19282.68,"s":"BINANCE:BTCUSDT","t":1664697181188,"v":0.06412},{"c":null,"p":19282.67,"s":"BINANCE:BTCUSDT","t":1664697181188,"v":1.06903}],"type":"trade"}

{"data":[{"c":null,"p":19282.65,"s":"BINANCE:BTCUSDT","t":1664697181199,"v":0.10721},{"c":null,"p":19282.65,"s":"BINANCE:BTCUSDT","t":1664697181204,"v":0.0658},{"c":null,"p":19282.85,"s":"BINANCE:BTCUSDT","t":1664697181319,"v":0.00073},{"c":null,"p":19282.92,"s":"BINANCE:BTCUSDT","t":1664697181359,"v":0.00063},{"c":null,"p":19283.06,"s":"BINANCE:BTCUSDT","t":1664697181379,"v":0.00637},{"c":null,"p":19282.86,"s":"BINANCE:BTCUSDT","t":1664697181500,"v":0.0021},{"c":null,"p":19282.85,"s":"BINANCE:BTCUSDT","t":1664697181500,"v":0.03443},{"c":null,"p":19282.84,"s":"BINANCE:BTCUSDT","t":1664697181500,"v":0.03615},{"c":null,"p":19282.67,"s":"BINANCE:BTCUSDT","t":1664697181500,"v":0.11529},{"c":null,"p":19283.01,"s":"BINANCE:BTCUSDT","t":1664697181575,"v":0.01}],"type":"trade"}

{"data":[{"c":null,"p":19282.57,"s":"BINANCE:BTCUSDT","t":1664697181575,"v":0.00057},{"c":null,"p":19282.55,"s":"BINANCE:BTCUSDT","t":1664697181575,"v":0.01329},{"c":null,"p":19282.53,"s":"BINANCE:BTCUSDT","t":1664697181575,"v":0.2593},{"c":null,"p":19282.54,"s":"BINANCE:BTCUSDT","t":1664697181721,"v":0.00128},{"c":null,"p":19282.54,"s":"BINANCE:BTCUSDT","t":1664697181792,"v":0.00463},{"c":null,"p":19282.53,"s":"BINANCE:BTCUSDT","t":1664697181792,"v":0.2593}],"type":"trade"}

{"data":[{"c":null,"p":19282.84,"s":"BINANCE:BTCUSDT","t":1664697181851,"v":0.00527},{"c":null,"p":19282.85,"s":"BINANCE:BTCUSDT","t":1664697182338,"v":0.00445},{"c":null,"p":19282.84,"s":"BINANCE:BTCUSDT","t":1664697182357,"v":0.01879},{"c":null,"p":19282.84,"s":"BINANCE:BTCUSDT","t":1664697182357,"v":0.01},{"c":null,"p":19282.55,"s":"BINANCE:BTCUSDT","t":1664697182357,"v":0.0037},{"c":null,"p":19282.41,"s":"BINANCE:BTCUSDT","t":1664697182357,"v":0.01382},{"c":null,"p":19282.3,"s":"BINANCE:BTCUSDT","t":1664697182357,"v":0.00057},{"c":null,"p":19282.23,"s":"BINANCE:BTCUSDT","t":1664697182357,"v":0.00363},{"c":null,"p":19282.07,"s":"BINANCE:BTCUSDT","t":1664697182357,"v":0.0013},{"c":null,"p":19282.05,"s":"BINANCE:BTCUSDT","t":1664697182357,"v":0.0112}],"type":"trade"}

{"data":[{"c":null,"p":19282.05,"s":"BINANCE:BTCUSDT","t":1664697182357,"v":0.0111},{"c":null,"p":19282.05,"s":"BINANCE:BTCUSDT","t":1664697182357,"v":0.0375},{"c":null,"p":19282.04,"s":"BINANCE:BTCUSDT","t":1664697182357,"v":0.01}],"type":"trade"}

{"data":[{"c":null,"p":19282.84,"s":"BINANCE:BTCUSDT","t":1664697182837,"v":0.01},{"c":null,"p":19282.72,"s":"BINANCE:BTCUSDT","t":1664697182837,"v":0.01},{"c":null,"p":19282.22,"s":"BINANCE:BTCUSDT","t":1664697182837,"v":0.00391},{"c":null,"p":19282.25,"s":"BINANCE:BTCUSDT","t":1664697183001,"v":0.2593},{"c":null,"p":19282.1,"s":"BINANCE:BTCUSDT","t":1664697183001,"v":0.00057},{"c":null,"p":19282.83,"s":"BINANCE:BTCUSDT","t":1664697183046,"v":0.01},{"c":null,"p":19282.23,"s":"BINANCE:BTCUSDT","t":1664697183397,"v":0.2593},{"c":null,"p":19282.23,"s":"BINANCE:BTCUSDT","t":1664697183397,"v":0.00492},{"c":null,"p":19282.24,"s":"BINANCE:BTCUSDT","t":1664697183490,"v":0.00442},{"c":null,"p":19282.23,"s":"BINANCE:BTCUSDT","t":1664697183585,"v":0.03734}],"type":"trade"}

{"data":[{"c":null,"p":19282.23,"s":"BINANCE:BTCUSDT","t":1664697183585,"v":0.01},{"c":null,"p":19282.23,"s":"BINANCE:BTCUSDT","t":1664697183585,"v":0.01582},{"c":null,"p":19282.23,"s":"BINANCE:BTCUSDT","t":1664697183590,"v":0.24348},{"c":null,"p":19282.04,"s":"BINANCE:BTCUSDT","t":1664697183718,"v":0.02372},{"c":null,"p":19282.09,"s":"BINANCE:BTCUSDT","t":1664697183755,"v":0.04744},{"c":null,"p":19282.09,"s":"BINANCE:BTCUSDT","t":1664697183788,"v":0.09488}],"type":"trade"}

{"data":[{"c":null,"p":19282.1,"s":"BINANCE:BTCUSDT","t":1664697183971,"v":0.00196},{"c":null,"p":19282.09,"s":"BINANCE:BTCUSDT","t":1664697183971,"v":0.11503},{"c":null,"p":19282.1,"s":"BINANCE:BTCUSDT","t":1664697184011,"v":0.01383},{"c":null,"p":19282.1,"s":"BINANCE:BTCUSDT","t":1664697184114,"v":0.017},{"c":null,"p":19282.09,"s":"BINANCE:BTCUSDT","t":1664697184126,"v":0.00196},{"c":null,"p":19282.04,"s":"BINANCE:BTCUSDT","t":1664697184227,"v":0.04199},{"c":null,"p":19282.03,"s":"BINANCE:BTCUSDT","t":1664697184275,"v":0.00104},{"c":null,"p":19282.03,"s":"BINANCE:BTCUSDT","t":1664697184275,"v":0.0013},{"c":null,"p":19282.03,"s":"BINANCE:BTCUSDT","t":1664697184281,"v":0.00263},{"c":null,"p":19282.03,"s":"BINANCE:BTCUSDT","t":1664697184343,"v":0.0015}],"type":"trade"}

{"data":[{"c":null,"p":19282.03,"s":"BINANCE:BTCUSDT","t":1664697184392,"v":0.1495},{"c":null,"p":19282.24,"s":"BINANCE:BTCUSDT","t":1664697184478,"v":0.00128},{"c":null,"p":19282.06,"s":"BINANCE:BTCUSDT","t":1664697184502,"v":0.04474},{"c":null,"p":19282.03,"s":"BINANCE:BTCUSDT","t":1664697184502,"v":0.06094},{"c":null,"p":19282.24,"s":"BINANCE:BTCUSDT","t":1664697184575,"v":0.00872},{"c":null,"p":19282.38,"s":"BINANCE:BTCUSDT","t":1664697184663,"v":0.00592},{"c":null,"p":19282.38,"s":"BINANCE:BTCUSDT","t":1664697184800,"v":0.02167}],"type":"trade"}

{"data":[{"c":null,"p":19282.23,"s":"BINANCE:BTCUSDT","t":1664697184957,"v":0.01532},{"c":null,"p":19282.23,"s":"BINANCE:BTCUSDT","t":1664697185068,"v":0.09586},{"c":null,"p":19282.23,"s":"BINANCE:BTCUSDT","t":1664697185068,"v":0.00363},{"c":null,"p":19282.24,"s":"BINANCE:BTCUSDT","t":1664697185094,"v":0.00093},{"c":null,"p":19282.04,"s":"BINANCE:BTCUSDT","t":1664697185169,"v":0.00592},{"c":null,"p":19282.23,"s":"BINANCE:BTCUSDT","t":1664697185231,"v":0.00093},{"c":null,"p":19282.22,"s":"BINANCE:BTCUSDT","t":1664697185238,"v":0.02764},{"c":null,"p":19282.09,"s":"BINANCE:BTCUSDT","t":1664697185238,"v":0.00201},{"c":null,"p":19282.03,"s":"BINANCE:BTCUSDT","t":1664697185238,"v":0.02509},{"c":null,"p":19282.03,"s":"BINANCE:BTCUSDT","t":1664697185365,"v":0.01965}],"type":"trade"}

{"data":[{"c":null,"p":19282.03,"s":"BINANCE:BTCUSDT","t":1664697185365,"v":0.01},{"c":null,"p":19282.23,"s":"BINANCE:BTCUSDT","t":1664697185370,"v":0.00093},{"c":null,"p":19282.23,"s":"BINANCE:BTCUSDT","t":1664697185381,"v":0.00355},{"c":null,"p":19282.24,"s":"BINANCE:BTCUSDT","t":1664697185381,"v":0.00907},{"c":null,"p":19282.24,"s":"BINANCE:BTCUSDT","t":1664697185381,"v":0.0469},{"c":null,"p":19282.39,"s":"BINANCE:BTCUSDT","t":1664697185381,"v":0.00363},{"c":null,"p":19282.39,"s":"BINANCE:BTCUSDT","t":1664697185381,"v":0.04671},{"c":null,"p":19282.57,"s":"BINANCE:BTCUSDT","t":1664697185381,"v":0.00057},{"c":null,"p":19282.88,"s":"BINANCE:BTCUSDT","t":1664697185381,"v":0.1328},{"c":null,"p":19282.89,"s":"BINANCE:BTCUSDT","t":1664697185381,"v":0.12758}],"type":"trade"}

{"data":[{"c":null,"p":19282.06,"s":"BINANCE:BTCUSDT","t":1664697185445,"v":0.01},{"c":null,"p":19282.61,"s":"BINANCE:BTCUSDT","t":1664697185474,"v":0.01113},{"c":null,"p":19282.6,"s":"BINANCE:BTCUSDT","t":1664697185500,"v":0.00702},{"c":null,"p":19282.6,"s":"BINANCE:BTCUSDT","t":1664697185506,"v":0.00396},{"c":null,"p":19282.61,"s":"BINANCE:BTCUSDT","t":1664697185506,"v":0.00717},{"c":null,"p":19282.61,"s":"BINANCE:BTCUSDT","t":1664697185509,"v":0.00396},{"c":null,"p":19282.6,"s":"BINANCE:BTCUSDT","t":1664697185517,"v":0.0027},{"c":null,"p":19282.61,"s":"BINANCE:BTCUSDT","t":1664697185517,"v":0.00396},{"c":null,"p":19282.84,"s":"BINANCE:BTCUSDT","t":1664697185517,"v":0.01913},{"c":null,"p":19282.57,"s":"BINANCE:BTCUSDT","t":1664697185530,"v":0.00093}],"type":"trade"}

{"data":[{"c":null,"p":19282.08,"s":"BINANCE:BTCUSDT","t":1664697185530,"v":0.00503},{"c":null,"p":19282.07,"s":"BINANCE:BTCUSDT","t":1664697185530,"v":0.00404},{"c":null,"p":19282.46,"s":"BINANCE:BTCUSDT","t":1664697185647,"v":0.02392},{"c":null,"p":19282.57,"s":"BINANCE:BTCUSDT","t":1664697185666,"v":0.00093},{"c":null,"p":19282.36,"s":"BINANCE:BTCUSDT","t":1664697185666,"v":0.12789},{"c":null,"p":19282.58,"s":"BINANCE:BTCUSDT","t":1664697185790,"v":0.01806},{"c":null,"p":19282.37,"s":"BINANCE:BTCUSDT","t":1664697185814,"v":0.00377}],"type":"trade"}

{"data":[{"c":null,"p":19282.48,"s":"BINANCE:BTCUSDT","t":1664697185910,"v":0.00093},{"c":null,"p":19282.48,"s":"BINANCE:BTCUSDT","t":1664697185930,"v":0.02184},{"c":null,"p":19282.38,"s":"BINANCE:BTCUSDT","t":1664697185948,"v":0.00163},{"c":null,"p":19282.38,"s":"BINANCE:BTCUSDT","t":1664697185980,"v":0.00163},{"c":null,"p":19282.38,"s":"BINANCE:BTCUSDT","t":1664697186014,"v":0.00578},{"c":null,"p":19282.45,"s":"BINANCE:BTCUSDT","t":1664697186234,"v":0.06095},{"c":null,"p":19282.95,"s":"BINANCE:BTCUSDT","t":1664697186441,"v":0.00351},{"c":null,"p":19283.03,"s":"BINANCE:BTCUSDT","t":1664697186566,"v":0.00093},{"c":null,"p":19282.95,"s":"BINANCE:BTCUSDT","t":1664697186605,"v":0.00453},{"c":null,"p":19282.95,"s":"BINANCE:BTCUSDT","t":1664697186725,"v":0.00196}],"type":"trade"}

{"data":[{"c":null,"p":19282.61,"s":"BINANCE:BTCUSDT","t":1664697186801,"v":0.00351},{"c":null,"p":19282.59,"s":"BINANCE:BTCUSDT","t":1664697186801,"v":0.00159}],"type":"trade"}

{"data":[{"c":null,"p":19282.59,"s":"BINANCE:BTCUSDT","t":1664697187233,"v":0.07456},{"c":null,"p":19282.6,"s":"BINANCE:BTCUSDT","t":1664697187293,"v":0.00093},{"c":null,"p":19282.6,"s":"BINANCE:BTCUSDT","t":1664697187528,"v":0.00907},{"c":null,"p":19282.6,"s":"BINANCE:BTCUSDT","t":1664697187528,"v":0.03288},{"c":null,"p":19283.03,"s":"BINANCE:BTCUSDT","t":1664697187528,"v":0.00011},{"c":null,"p":19283.04,"s":"BINANCE:BTCUSDT","t":1664697187528,"v":0.00057},{"c":null,"p":19283.06,"s":"BINANCE:BTCUSDT","t":1664697187528,"v":0.00363},{"c":null,"p":19283.06,"s":"BINANCE:BTCUSDT","t":1664697187528,"v":0.0056},{"c":null,"p":19282.89,"s":"BINANCE:BTCUSDT","t":1664697187565,"v":0.0025},{"c":null,"p":19282.89,"s":"BINANCE:BTCUSDT","t":1664697187566,"v":0.00093}],"type":"trade"}

{"data":[{"c":null,"p":19282.64,"s":"BINANCE:BTCUSDT","t":1664697187804,"v":0.00092}],"type":"trade"}

{"data":[{"c":null,"p":19282.87,"s":"BINANCE:BTCUSDT","t":1664697187909,"v":0.00093},{"c":null,"p":19282.73,"s":"BINANCE:BTCUSDT","t":1664697188003,"v":0.00184},{"c":null,"p":19282.73,"s":"BINANCE:BTCUSDT","t":1664697188075,"v":0.00179},{"c":null,"p":19282.6,"s":"BINANCE:BTCUSDT","t":1664697188075,"v":0.00389},{"c":null,"p":19282.59,"s":"BINANCE:BTCUSDT","t":1664697188075,"v":0.02132},{"c":null,"p":19282.6,"s":"BINANCE:BTCUSDT","t":1664697188276,"v":0.00097},{"c":null,"p":19282.61,"s":"BINANCE:BTCUSDT","t":1664697188378,"v":0.00149},{"c":null,"p":19282.6,"s":"BINANCE:BTCUSDT","t":1664697188381,"v":0.00465},{"c":null,"p":19282.61,"s":"BINANCE:BTCUSDT","t":1664697188389,"v":0.0025},{"c":null,"p":19282.61,"s":"BINANCE:BTCUSDT","t":1664697188396,"v":0.02164}],"type":"trade"}

{"data":[{"c":null,"p":19282.61,"s":"BINANCE:BTCUSDT","t":1664697188396,"v":0.01},{"c":null,"p":19282.61,"s":"BINANCE:BTCUSDT","t":1664697188396,"v":0.00101},{"c":null,"p":19282.61,"s":"BINANCE:BTCUSDT","t":1664697188405,"v":0.0025},{"c":null,"p":19282.6,"s":"BINANCE:BTCUSDT","t":1664697188407,"v":0.00535},{"c":null,"p":19282.59,"s":"BINANCE:BTCUSDT","t":1664697188407,"v":0.01405},{"c":null,"p":19282.61,"s":"BINANCE:BTCUSDT","t":1664697188569,"v":0.00093},{"c":null,"p":19282.61,"s":"BINANCE:BTCUSDT","t":1664697188581,"v":0.02245},{"c":null,"p":19282.61,"s":"BINANCE:BTCUSDT","t":1664697188581,"v":0.02801},{"c":null,"p":19282.59,"s":"BINANCE:BTCUSDT","t":1664697188659,"v":0.0093},{"c":null,"p":19282.59,"s":"BINANCE:BTCUSDT","t":1664697188790,"v":0.0186}],"type":"trade"}

{"data":[{"c":null,"p":19282.6,"s":"BINANCE:BTCUSDT","t":1664697188913,"v":0.01},{"c":null,"p":19282.59,"s":"BINANCE:BTCUSDT","t":1664697188913,"v":0.0272},{"c":null,"p":19282.59,"s":"BINANCE:BTCUSDT","t":1664697189071,"v":0.0744},{"c":null,"p":19282.59,"s":"BINANCE:BTCUSDT","t":1664697189226,"v":0.0012},{"c":null,"p":19282.73,"s":"BINANCE:BTCUSDT","t":1664697189277,"v":0.00093},{"c":null,"p":19282.62,"s":"BINANCE:BTCUSDT","t":1664697189386,"v":0.0024},{"c":null,"p":19282.62,"s":"BINANCE:BTCUSDT","t":1664697189499,"v":0.00062},{"c":null,"p":19282.63,"s":"BINANCE:BTCUSDT","t":1664697189570,"v":0.00093},{"c":null,"p":19282.62,"s":"BINANCE:BTCUSDT","t":1664697189593,"v":0.0048},{"c":null,"p":19282.62,"s":"BINANCE:BTCUSDT","t":1664697189696,"v":0.00458}],"type":"trade"}

{"data":[{"c":null,"p":19282.62,"s":"BINANCE:BTCUSDT","t":1664697189786,"v":0.00458}],"type":"trade"}

{"data":[{"c":null,"p":19282.63,"s":"BINANCE:BTCUSDT","t":1664697189909,"v":0.00093},{"c":null,"p":19282.62,"s":"BINANCE:BTCUSDT","t":1664697189965,"v":0.00542},{"c":null,"p":19282.62,"s":"BINANCE:BTCUSDT","t":1664697189965,"v":0.01334},{"c":null,"p":19282.62,"s":"BINANCE:BTCUSDT","t":1664697190098,"v":0.03752},{"c":null,"p":19282.62,"s":"BINANCE:BTCUSDT","t":1664697190103,"v":0.0044},{"c":null,"p":19282.62,"s":"BINANCE:BTCUSDT","t":1664697190113,"v":0.00078},{"c":null,"p":19282.62,"s":"BINANCE:BTCUSDT","t":1664697190210,"v":0.07504},{"c":null,"p":19282.62,"s":"BINANCE:BTCUSDT","t":1664697190436,"v":0.00112},{"c":null,"p":19282.62,"s":"BINANCE:BTCUSDT","t":1664697190436,"v":0.01421},{"c":null,"p":19282.62,"s":"BINANCE:BTCUSDT","t":1664697190436,"v":0.01795}],"type":"trade"}

{"data":[{"c":null,"p":19282.63,"s":"BINANCE:BTCUSDT","t":1664697190584,"v":0.00093},{"c":null,"p":19282.62,"s":"BINANCE:BTCUSDT","t":1664697190621,"v":0.02859},{"c":null,"p":19282.6,"s":"BINANCE:BTCUSDT","t":1664697190623,"v":0.01},{"c":null,"p":19282.59,"s":"BINANCE:BTCUSDT","t":1664697190623,"v":0.051},{"c":null,"p":19282.63,"s":"BINANCE:BTCUSDT","t":1664697190627,"v":0.002},{"c":null,"p":19282.59,"s":"BINANCE:BTCUSDT","t":1664697190691,"v":0.00239},{"c":null,"p":19282.62,"s":"BINANCE:BTCUSDT","t":1664697190750,"v":0.01},{"c":null,"p":19282.6,"s":"BINANCE:BTCUSDT","t":1664697190750,"v":0.01},{"c":null,"p":19282.59,"s":"BINANCE:BTCUSDT","t":1664697190750,"v":0.04155},{"c":null,"p":19282.62,"s":"BINANCE:BTCUSDT","t":1664697190809,"v":0.01}],"type":"trade"}

{"data":[{"c":null,"p":19282.59,"s":"BINANCE:BTCUSDT","t":1664697190809,"v":0.1131},{"c":null,"p":19282.59,"s":"BINANCE:BTCUSDT","t":1664697190817,"v":0.02404}],"type":"trade"}

{"data":[{"c":null,"p":19282.59,"s":"BINANCE:BTCUSDT","t":1664697190898,"v":0.15},{"c":null,"p":19282.63,"s":"BINANCE:BTCUSDT","t":1664697190910,"v":0.00093},{"c":null,"p":19282.59,"s":"BINANCE:BTCUSDT","t":1664697191077,"v":0.15},{"c":null,"p":19282.6,"s":"BINANCE:BTCUSDT","t":1664697191309,"v":0.00907},{"c":null,"p":19282.6,"s":"BINANCE:BTCUSDT","t":1664697191327,"v":0.05735},{"c":null,"p":19282.63,"s":"BINANCE:BTCUSDT","t":1664697191328,"v":0.00428},{"c":null,"p":19282.63,"s":"BINANCE:BTCUSDT","t":1664697191328,"v":0.02251},{"c":null,"p":19282.74,"s":"BINANCE:BTCUSDT","t":1664697191431,"v":0.00311},{"c":null,"p":19282.74,"s":"BINANCE:BTCUSDT","t":1664697191569,"v":0.00093}],"type":"trade"}

{"data":[{"c":null,"p":19282.74,"s":"BINANCE:BTCUSDT","t":1664697191878,"v":0.031},{"c":null,"p":19282.73,"s":"BINANCE:BTCUSDT","t":1664697192171,"v":0.01},{"c":null,"p":19282.63,"s":"BINANCE:BTCUSDT","t":1664697192171,"v":0.00295},{"c":null,"p":19282.62,"s":"BINANCE:BTCUSDT","t":1664697192171,"v":0.01},{"c":null,"p":19282.59,"s":"BINANCE:BTCUSDT","t":1664697192171,"v":0.60332},{"c":null,"p":19282.6,"s":"BINANCE:BTCUSDT","t":1664697192577,"v":0.0025},{"c":null,"p":19282.6,"s":"BINANCE:BTCUSDT","t":1664697192631,"v":0.005}],"type":"trade"}

{"data":[{"c":null,"p":19282.59,"s":"BINANCE:BTCUSDT","t":1664697193570,"v":0.00636},{"c":null,"p":19282.6,"s":"BINANCE:BTCUSDT","t":1664697193632,"v":0.0025},{"c":null,"p":19282.6,"s":"BINANCE:BTCUSDT","t":1664697193632,"v":0.01071},{"c":null,"p":19282.6,"s":"BINANCE:BTCUSDT","t":1664697193632,"v":0.00079}],"type":"trade"}

{"data":[{"c":null,"p":19282.59,"s":"BINANCE:BTCUSDT","t":1664697194301,"v":0.01},{"c":null,"p":19282.59,"s":"BINANCE:BTCUSDT","t":1664697194301,"v":0.01},{"c":null,"p":19282.57,"s":"BINANCE:BTCUSDT","t":1664697194301,"v":0.00057},{"c":null,"p":19282.36,"s":"BINANCE:BTCUSDT","t":1664697194301,"v":0.00505},{"c":null,"p":19282.35,"s":"BINANCE:BTCUSDT","t":1664697194301,"v":0.2593},{"c":null,"p":19282.59,"s":"BINANCE:BTCUSDT","t":1664697194313,"v":0.00052},{"c":null,"p":19282.59,"s":"BINANCE:BTCUSDT","t":1664697194317,"v":0.03477},{"c":null,"p":19282.58,"s":"BINANCE:BTCUSDT","t":1664697194362,"v":0.00503},{"c":null,"p":19282.58,"s":"BINANCE:BTCUSDT","t":1664697194362,"v":0.025},{"c":null,"p":19282.59,"s":"BINANCE:BTCUSDT","t":1664697194565,"v":0.00196}],"type":"trade"}

{"data":[{"c":null,"p":19282.59,"s":"BINANCE:BTCUSDT","t":1664697194565,"v":0.00241},{"c":null,"p":19282.6,"s":"BINANCE:BTCUSDT","t":1664697194599,"v":0.01},{"c":null,"p":19282.6,"s":"BINANCE:BTCUSDT","t":1664697194599,"v":0.01},{"c":null,"p":19282.6,"s":"BINANCE:BTCUSDT","t":1664697194599,"v":0.01071},{"c":null,"p":19282.6,"s":"BINANCE:BTCUSDT","t":1664697194599,"v":0.03582},{"c":null,"p":19282.61,"s":"BINANCE:BTCUSDT","t":1664697194599,"v":0.0054},{"c":null,"p":19282.61,"s":"BINANCE:BTCUSDT","t":1664697194733,"v":0.0027},{"c":null,"p":19282.59,"s":"BINANCE:BTCUSDT","t":1664697194733,"v":0.00345}],"type":"trade"}

{"data":[{"c":null,"p":19282.61,"s":"BINANCE:BTCUSDT","t":1664697194885,"v":0.003},{"c":null,"p":19282.6,"s":"BINANCE:BTCUSDT","t":1664697195568,"v":0.00408}],"type":"trade"}

{"data":[{"c":null,"p":19282.61,"s":"BINANCE:BTCUSDT","t":1664697195943,"v":0.03526},{"c":null,"p":19282.6,"s":"BINANCE:BTCUSDT","t":1664697195943,"v":0.00592},{"c":null,"p":19282.59,"s":"BINANCE:BTCUSDT","t":1664697195943,"v":0.00414},{"c":null,"p":19282.59,"s":"BINANCE:BTCUSDT","t":1664697195943,"v":0.00281},{"c":null,"p":19282.58,"s":"BINANCE:BTCUSDT","t":1664697195943,"v":0.67364},{"c":null,"p":19282.58,"s":"BINANCE:BTCUSDT","t":1664697195956,"v":0.01006},{"c":null,"p":19282.58,"s":"BINANCE:BTCUSDT","t":1664697195998,"v":0.01},{"c":null,"p":19282.58,"s":"BINANCE:BTCUSDT","t":1664697196207,"v":0.00119},{"c":null,"p":19282.57,"s":"BINANCE:BTCUSDT","t":1664697196315,"v":0.01},{"c":null,"p":19282.14,"s":"BINANCE:BTCUSDT","t":1664697196315,"v":0.00176}],"type":"trade"}

