{"data":[{"c":["1","8","12"],"p":118.95,"s":"IBM","t":1665169621019,"v":8},{"c":["1","8","12"],"p":118.95,"s":"IBM","t":1665169621019,"v":54},{"c":["1","8","12"],"p":118.95,"s":"IBM","t":1665169621019,"v":1},{"c":["1","8"],"p":118.95,"s":"IBM","t":1665169621019,"v":101},{"c":["1","8","12"],"p":118.95,"s":"IBM","t":1665169621019,"v":12},{"c":["1","12"],"p":118.95,"s":"IBM","t":1665169621019,"v":1},{"c":["1","8","12"],"p":118.95,"s":"IBM","t":1665169621019,"v":3},{"c":["1","8","12"],"p":118.95,"s":"IBM","t":1665169621019,"v":15},{"c":["1","8","12"],"p":118.95,"s":"IBM","t":1665169621019,"v":10},{"c":["1","8","12"],"p":118.95,"s":"IBM","t":1665169621019,"v":2}],"type":"trade"}

{"data":[{"c":["1","12"],"p":118.97,"s":"IBM","t":1665169627404,"v":16},{"c":["1","12"],"p":118.97,"s":"IBM","t":1665169627404,"v":43},{"c":["1","12"],"p":118.97,"s":"IBM","t":1665169627404,"v":18},{"c":["1","12"],"p":118.98,"s":"IBM","t":1665169627404,"v":34},{"c":null,"p":19480.2,"s":"BINANCE:BTCUSDT","t":1665169627331,"v":0.00056},{"c":null,"p":19480.35,"s":"BINANCE:BTCUSDT","t":1665169627331,"v":0.00056},{"c":null,"p":19480.56,"s":"BINANCE:BTCUSDT","t":1665169627331,"v":0.19765},{"c":null,"p":19480.57,"s":"BINANCE:BTCUSDT","t":1665169627331,"v":0.01},{"c":null,"p":19480.61,"s":"BINANCE:BTCUSDT","t":1665169627331,"v":0.4252},{"c":null,"p":19480.64,"s":"BINANCE:BTCUSDT","t":1665169627331,"v":0.00056}],"type":"trade"}

{"data":[{"c":["1","12"],"p":118.85,"s":"IBM","t":1665169823213,"v":10},{"c":["1","12"],"p":118.85,"s":"IBM","t":1665169823213,"v":1},{"c":["1","12"],"p":118.85,"s":"IBM","t":1665169823213,"v":1},{"c":["1","12"],"p":118.85,"s":"IBM","t":1665169823213,"v":1},{"c":["1","12"],"p":118.85,"s":"IBM","t":1665169823213,"v":1},{"c":["1"],"p":140.37,"s":"AAPL","t":1665169823220,"v":168},{"c":["1","12"],"p":140.37,"s":"AAPL","t":1665169823220,"v":1},{"c":["1","12"],"p":140.37,"s":"AAPL","t":1665169823220,"v":1},{"c":["1","12"],"p":140.37,"s":"AAPL","t":1665169823220,"v":1},{"c":["1","12"],"p":140.37,"s":"AAPL","t":1665169823220,"v":1}],"type":"trade"}

{"data":[{"c":["1","8"],"p":118.85,"s":"IBM","t":1665169823849,"v":100},{"c":null,"p":19467.69,"s":"BINANCE:BTCUSDT","t":1665169823791,"v":0.01},{"c":null,"p":19467.93,"s":"BINANCE:BTCUSDT","t":1665169823791,"v":0.00384},{"c":null,"p":19467.94,"s":"BINANCE:BTCUSDT","t":1665169823791,"v":0.18409},{"c":null,"p":19467.29,"s":"BINANCE:BTCUSDT","t":1665169824023,"v":0.03348},{"c":null,"p":19467.44,"s":"BINANCE:BTCUSDT","t":1665169824059,"v":0.06696},{"c":null,"p":0.97375,"s":"IC MARKETS:1","t":1665169823399,"v":0},{"c":null,"p":19468.03,"s":"BINANCE:BTCUSDT","t":1665169824114,"v":0.00056},{"c":["1","8"],"p":140.37,"s":"AAPL","t":1665169824238,"v":100},{"c":["1","8","12"],"p":140.37,"s":"AAPL","t":1665169824242,"v":7}],"type":"trade"}

{"data":[{"c":["1","8"],"p":118.87,"s":"IBM","t":1665169828754,"v":100},{"c":["1","8","12"],"p":118.87,"s":"IBM","t":1665169828754,"v":8},{"c":["1","8","12"],"p":140.39,"s":"AAPL","t":1665169828754,"v":1}],"type":"trade"}

{"data":[{"c":["1","8","12"],"p":118.87,"s":"IBM","t":1665169828757,"v":27},{"c":null,"p":19471,"s":"BINANCE:BTCUSDT","t":1665169828707,"v":0.001},{"c":null,"p":19471,"s":"BINANCE:BTCUSDT","t":1665169828707,"v":0.09026},{"c":["1"],"p":118.86,"s":"IBM","t":1665169828757,"v":100},{"c":null,"p":19471.06,"s":"BINANCE:BTCUSDT","t":1665169828712,"v":0.00678},{"c":null,"p":19471.08,"s":"BINANCE:BTCUSDT","t":1665169828712,"v":0.0033},{"c":null,"p":19470.96,"s":"BINANCE:BTCUSDT","t":1665169828714,"v":0.0372},{"c":["1","8"],"p":140.39,"s":"AAPL","t":1665169828759,"v":100},{"c":["1","8"],"p":140.39,"s":"AAPL","t":1665169828759,"v":100},{"c":["1","8"],"p":140.39,"s":"AAPL","t":1665169828759,"v":100}],"type":"trade"}

{"data":[{"c":["1"],"p":118.89,"s":"IBM","t":1665169831019,"v":100},{"c":["1","12"],"p":140.43,"s":"AAPL","t":1665169829840,"v":30},{"c":null,"p":19475.35,"s":"BINANCE:BTCUSDT","t":1665169830081,"v":0.00056},{"c":null,"p":19474.83,"s":"BINANCE:BTCUSDT","t":1665169830975,"v":0.00102},{"c":null,"p":19474.83,"s":"BINANCE:BTCUSDT","t":1665169830982,"v":0.00103},{"c":null,"p":19475.43,"s":"BINANCE:BTCUSDT","t":1665169830098,"v":0.00056},{"c":null,"p":19475.46,"s":"BINANCE:BTCUSDT","t":1665169830098,"v":0.00158},{"c":null,"p":19475.47,"s":"BINANCE:BTCUSDT","t":1665169830098,"v":0.00057},{"c":null,"p":19475.6,"s":"BINANCE:BTCUSDT","t":1665169830098,"v":0.01333},{"c":["1"],"p":140.425,"s":"AAPL","t":1665169829864,"v":100}],"type":"trade"}

{"data":[{"c":["1","8","12"],"p":118.89,"s":"IBM","t":1665169829988,"v":2},{"c":["1","8","12"],"p":118.89,"s":"IBM","t":1665169829988,"v":2},{"c":["1","8","12"],"p":118.89,"s":"IBM","t":1665169829988,"v":7},{"c":["1","8"],"p":118.89,"s":"IBM","t":1665169829988,"v":293},{"c":["1","12"],"p":118.89,"s":"IBM","t":1665169829988,"v":3},{"c":["1"],"p":118.89,"s":"IBM","t":1665169829988,"v":100},{"c":["1","12"],"p":140.45,"s":"AAPL","t":1665169830173,"v":5},{"c":["1","12"],"p":140.45,"s":"AAPL","t":1665169830173,"v":10},{"c":["1","12"],"p":140.44,"s":"AAPL","t":1665169829990,"v":2},{"c":null,"p":0.97381,"s":"IC MARKETS:1","t":1665169829048,"v":0}],"type":"trade"}

{"data":[{"c":["1"],"p":118.89,"s":"IBM","t":1665169834359,"v":100},{"c":["1"],"p":118.895,"s":"IBM","t":1665169834365,"v":200},{"c":["1"],"p":140.445,"s":"AAPL","t":1665169834389,"v":100},{"c":["1"],"p":140.445,"s":"AAPL","t":1665169834389,"v":100},{"c":["1"],"p":140.445,"s":"AAPL","t":1665169834389,"v":100},{"c":["1"],"p":140.445,"s":"AAPL","t":1665169834389,"v":100},{"c":["1","8"],"p":140.44,"s":"AAPL","t":1665169834390,"v":200},{"c":["1","8"],"p":140.44,"s":"AAPL","t":1665169834390,"v":100},{"c":["1","8"],"p":140.44,"s":"AAPL","t":1665169834390,"v":100},{"c":["1","8","12"],"p":140.44,"s":"AAPL","t":1665169834390,"v":13}],"type":"trade"}

{"data":[{"c":["1","8","12"],"p":118.91,"s":"IBM","t":1665169835002,"v":20},{"c":["1","12"],"p":118.91,"s":"IBM","t":1665169835002,"v":3},{"c":["1","8"],"p":118.91,"s":"IBM","t":1665169835375,"v":100},{"c":["1","8"],"p":118.91,"s":"IBM","t":1665169835375,"v":100},{"c":["1","8"],"p":140.45,"s":"AAPL","t":1665169835375,"v":100},{"c":["1","8"],"p":140.45,"s":"AAPL","t":1665169835375,"v":100},{"c":["1","8"],"p":140.44,"s":"AAPL","t":1665169835375,"v":270},{"c":["1","8"],"p":140.45,"s":"AAPL","t":1665169835375,"v":100},{"c":["1"],"p":140.45,"s":"AAPL","t":1665169835375,"v":100},{"c":["1"],"p":140.45,"s":"AAPL","t":1665169835375,"v":100}],"type":"trade"}

{"data":[{"c":["1","12"],"p":118.9,"s":"IBM","t":1665169835416,"v":7},{"c":["1"],"p":118.9,"s":"IBM","t":1665169835416,"v":100},{"c":["1","8"],"p":118.9,"s":"IBM","t":1665169835416,"v":100},{"c":["1","12"],"p":118.9,"s":"IBM","t":1665169835422,"v":25},{"c":null,"p":19480,"s":"BINANCE:BTCUSDT","t":1665169835381,"v":0.00056},{"c":null,"p":19480,"s":"BINANCE:BTCUSDT","t":1665169835395,"v":0.00169},{"c":["1"],"p":140.43,"s":"AAPL","t":1665169835490,"v":100},{"c":["1"],"p":140.435,"s":"AAPL","t":1665169835510,"v":100},{"c":null,"p":19479.99,"s":"BINANCE:BTCUSDT","t":1665169835438,"v":0.03948},{"c":null,"p":19479.61,"s":"BINANCE:BTCUSDT","t":1665169835438,"v":0.02}],"type":"trade"}

{"data":[{"c":["1","8"],"p":118.91,"s":"IBM","t":1665169835284,"v":100},{"c":["1","8","12"],"p":118.91,"s":"IBM","t":1665169835285,"v":17},{"c":null,"p":19480,"s":"BINANCE:BTCUSDT","t":1665169835222,"v":0.00391}],"type":"trade"}

{"data":[{"c":["1","12"],"p":118.9,"s":"IBM","t":1665169838821,"v":83},{"c":["1","12"],"p":118.9,"s":"IBM","t":1665169838824,"v":1},{"c":null,"p":19479.09,"s":"BINANCE:BTCUSDT","t":1665169838774,"v":0.02315},{"c":null,"p":19479.09,"s":"BINANCE:BTCUSDT","t":1665169838774,"v":0.00077},{"c":null,"p":19479.09,"s":"BINANCE:BTCUSDT","t":1665169838774,"v":0.02815},{"c":["1","12"],"p":118.9,"s":"IBM","t":1665169838858,"v":50}],"type":"trade"}

{"data":[{"c":["1"],"p":118.87,"s":"IBM","t":1665169884279,"v":1100},{"c":["1"],"p":118.86,"s":"IBM","t":1665169884312,"v":100},{"c":null,"p":0.97383,"s":"IC MARKETS:1","t":1665169883504,"v":0},{"c":["1","12"],"p":140.4074,"s":"AAPL","t":1665169884731,"v":48},{"c":null,"p":19472.01,"s":"BINANCE:BTCUSDT","t":1665169884715,"v":0.00169},{"c":null,"p":19472.01,"s":"BINANCE:BTCUSDT","t":1665169884732,"v":0.00056},{"c":null,"p":19471.23,"s":"BINANCE:BTCUSDT","t":1665169884874,"v":0.00435},{"c":null,"p":19471.98,"s":"BINANCE:BTCUSDT","t":1665169884876,"v":0.01},{"c":null,"p":19471.99,"s":"BINANCE:BTCUSDT","t":1665169884876,"v":0.07756},{"c":null,"p":19472,"s":"BINANCE:BTCUSDT","t":1665169884876,"v":0.02636}],"type":"trade"}

{"data":[{"c":["1","12"],"p":118.865,"s":"IBM","t":1665169884984,"v":1},{"c":null,"p":19471.26,"s":"BINANCE:BTCUSDT","t":1665169884916,"v":0.00148},{"c":["1","12"],"p":118.865,"s":"IBM","t":1665169884985,"v":1},{"c":["1"],"p":140.4041,"s":"AAPL","t":1665169884985,"v":100},{"c":null,"p":19472.03,"s":"BINANCE:BTCUSDT","t":1665169884930,"v":0.00044},{"c":null,"p":19472.13,"s":"BINANCE:BTCUSDT","t":1665169884930,"v":0.00981},{"c":["1","12"],"p":140.4001,"s":"AAPL","t":1665169885026,"v":50},{"c":null,"p":19472.13,"s":"BINANCE:BTCUSDT","t":1665169884962,"v":0.00169},{"c":["1","12"],"p":140.4001,"s":"AAPL","t":1665169885038,"v":6},{"c":null,"p":19471.75,"s":"BINANCE:BTCUSDT","t":1665169885024,"v":0.00631}],"type":"trade"}

{"data":[{"c":["1"],"p":118.865,"s":"IBM","t":1665169894702,"v":100},{"c":["1","12"],"p":140.3988,"s":"AAPL","t":1665169894695,"v":1},{"c":null,"p":19471.3,"s":"BINANCE:BTCUSDT","t":1665169894680,"v":0.00085},{"c":null,"p":19471.84,"s":"BINANCE:BTCUSDT","t":1665169894680,"v":0.16584},{"c":null,"p":19471.85,"s":"BINANCE:BTCUSDT","t":1665169894680,"v":0.04133},{"c":null,"p":19471.88,"s":"BINANCE:BTCUSDT","t":1665169894680,"v":0.29764},{"c":["1"],"p":140.395,"s":"AAPL","t":1665169894806,"v":250},{"c":null,"p":19471.79,"s":"BINANCE:BTCUSDT","t":1665169894776,"v":0.00106},{"c":null,"p":19471.87,"s":"BINANCE:BTCUSDT","t":1665169894776,"v":0.00369},{"c":null,"p":19471.88,"s":"BINANCE:BTCUSDT","t":1665169894776,"v":0.02606}],"type":"trade"}

{"data":[{"c":["1","8","12"],"p":118.86,"s":"IBM","t":1665169903440,"v":64},{"c":["1","8"],"p":118.86,"s":"IBM","t":1665169903440,"v":100},{"c":["1","12"],"p":118.86,"s":"IBM","t":1665169903440,"v":7},{"c":["1","12"],"p":118.86,"s":"IBM","t":1665169903440,"v":12},{"c":["1","8","12"],"p":118.86,"s":"IBM","t":1665169903440,"v":34},{"c":["1","8","12"],"p":118.86,"s":"IBM","t":1665169903440,"v":48},{"c":["1","8","12"],"p":118.86,"s":"IBM","t":1665169903440,"v":5},{"c":["1","8","12"],"p":118.86,"s":"IBM","t":1665169903440,"v":6},{"c":["1","8","12"],"p":118.86,"s":"IBM","t":1665169903440,"v":60},{"c":["1","8"],"p":118.86,"s":"IBM","t":1665169903440,"v":100}],"type":"trade"}

{"data":[{"c":["1","8","12"],"p":118.86,"s":"IBM","t":1665169903441,"v":52},{"c":["1"],"p":118.86,"s":"IBM","t":1665169903441,"v":100},{"c":["1"],"p":118.86,"s":"IBM","t":1665169903441,"v":100},{"c":["1"],"p":118.85,"s":"IBM","t":1665169903450,"v":100},{"c":["1"],"p":118.85,"s":"IBM","t":1665169903692,"v":100},{"c":["1","8","12"],"p":140.39,"s":"AAPL","t":1665169903496,"v":47},{"c":["1","8"],"p":140.39,"s":"AAPL","t":1665169903496,"v":200},{"c":["1","8","12"],"p":140.39,"s":"AAPL","t":1665169903496,"v":51},{"c":["1","8"],"p":140.39,"s":"AAPL","t":1665169903496,"v":100},{"c":["1","8"],"p":140.39,"s":"AAPL","t":1665169903496,"v":200}],"type":"trade"}

{"data":[{"c":["1","8"],"p":118.85,"s":"IBM","t":1665169904908,"v":100},{"c":["1","8","12"],"p":118.85,"s":"IBM","t":1665169904908,"v":99},{"c":["1","8"],"p":140.385,"s":"AAPL","t":1665169904913,"v":100},{"c":["1","8"],"p":140.38,"s":"AAPL","t":1665169904913,"v":100},{"c":["1","8","12"],"p":140.38,"s":"AAPL","t":1665169904913,"v":26},{"c":["1","8","12"],"p":140.38,"s":"AAPL","t":1665169904913,"v":12},{"c":["1","8","12"],"p":140.38,"s":"AAPL","t":1665169904913,"v":89},{"c":["1","8","12"],"p":140.38,"s":"AAPL","t":1665169904912,"v":38},{"c":["1","8"],"p":140.38,"s":"AAPL","t":1665169904913,"v":100},{"c":["1","8","12"],"p":140.38,"s":"AAPL","t":1665169904913,"v":10}],"type":"trade"}

{"data":[{"c":["1","8","12"],"p":118.68,"s":"IBM","t":1665170171477,"v":82},{"c":["1","8","12"],"p":118.68,"s":"IBM","t":1665170171477,"v":6},{"c":["1","8","12"],"p":118.68,"s":"IBM","t":1665170171477,"v":6},{"c":["1","12"],"p":118.68,"s":"IBM","t":1665170171478,"v":10},{"c":null,"p":19443.42,"s":"BINANCE:BTCUSDT","t":1665170171437,"v":0.00051},{"c":null,"p":19442.86,"s":"BINANCE:BTCUSDT","t":1665170171449,"v":0.00023},{"c":null,"p":19441.43,"s":"BINANCE:BTCUSDT","t":1665170171449,"v":0.00131},{"c":null,"p":19443.42,"s":"BINANCE:BTCUSDT","t":1665170171458,"v":0.00154},{"c":["1","12"],"p":140.1,"s":"AAPL","t":1665170171591,"v":25},{"c":["1","8"],"p":140.1,"s":"AAPL","t":1665170171605,"v":100}],"type":"trade"}

{"data":[{"c":["1"],"p":118.67,"s":"IBM","t":1665170171711,"v":100},{"c":["1","8"],"p":118.67,"s":"IBM","t":1665170171711,"v":100},{"c":["1"],"p":118.67,"s":"IBM","t":1665170171712,"v":100}],"type":"trade"}

{"data":[{"c":["1","12"],"p":118.67,"s":"IBM","t":1665170171857,"v":1},{"c":null,"p":19441.06,"s":"BINANCE:BTCUSDT","t":1665170172119,"v":0.00051},{"c":null,"p":19442.04,"s":"BINANCE:BTCUSDT","t":1665170172166,"v":0.02279},{"c":null,"p":19442.02,"s":"BINANCE:BTCUSDT","t":1665170172175,"v":0.00056},{"c":null,"p":19441.03,"s":"BINANCE:BTCUSDT","t":1665170172182,"v":0.00051},{"c":null,"p":19441.03,"s":"BINANCE:BTCUSDT","t":1665170172187,"v":0.001},{"c":null,"p":19442,"s":"BINANCE:BTCUSDT","t":1665170172203,"v":0.03051},{"c":["1"],"p":140.095,"s":"AAPL","t":1665170172315,"v":100},{"c":null,"p":19441.95,"s":"BINANCE:BTCUSDT","t":1665170172248,"v":0.00051},{"c":null,"p":19441.03,"s":"BINANCE:BTCUSDT","t":1665170172315,"v":0.00051}],"type":"trade"}

{"data":[{"c":["1","8","12"],"p":118.66,"s":"IBM","t":1665170195361,"v":1},{"c":["1","12"],"p":140.085,"s":"AAPL","t":1665170195370,"v":6},{"c":["1","12"],"p":140.093,"s":"AAPL","t":1665170195463,"v":83},{"c":["1","12"],"p":140.09,"s":"AAPL","t":1665170195452,"v":1},{"c":null,"p":19449.67,"s":"BINANCE:BTCUSDT","t":1665170195414,"v":0.00881},{"c":null,"p":19449.67,"s":"BINANCE:BTCUSDT","t":1665170195414,"v":0.02062},{"c":null,"p":19449.66,"s":"BINANCE:BTCUSDT","t":1665170195414,"v":0.99341},{"c":null,"p":19449.66,"s":"BINANCE:BTCUSDT","t":1665170195414,"v":0.00659},{"c":["1","12"],"p":140.095,"s":"AAPL","t":1665170195521,"v":10},{"c":null,"p":19449.68,"s":"BINANCE:BTCUSDT","t":1665170195461,"v":0.02062}],"type":"trade"}

{"data":[{"c":["1","8","12"],"p":118.65,"s":"IBM","t":1665170195855,"v":4},{"c":["1","8","12"],"p":118.65,"s":"IBM","t":1665170195855,"v":4},{"c":["1","8","12"],"p":118.65,"s":"IBM","t":1665170195855,"v":8},{"c":["1","8"],"p":118.65,"s":"IBM","t":1665170195855,"v":454},{"c":["1","8","12"],"p":118.65,"s":"IBM","t":1665170195855,"v":4},{"c":["1"],"p":140.08,"s":"AAPL","t":1665170195855,"v":100},{"c":["1","8","12"],"p":118.65,"s":"IBM","t":1665170195855,"v":56},{"c":["1","8","12"],"p":118.65,"s":"IBM","t":1665170195855,"v":44},{"c":["1","8"],"p":118.65,"s":"IBM","t":1665170195855,"v":100},{"c":["1","8"],"p":118.65,"s":"IBM","t":1665170195855,"v":100}],"type":"trade"}

{"data":[{"c":["1","12"],"p":118.655,"s":"IBM","t":1665170198359,"v":5},{"c":["1","12"],"p":140.0832,"s":"AAPL","t":1665170198357,"v":5},{"c":["1","12"],"p":140.0888,"s":"AAPL","t":1665170198340,"v":1},{"c":null,"p":19448.99,"s":"BINANCE:BTCUSDT","t":1665170198317,"v":0.01031},{"c":null,"p":19448.99,"s":"BINANCE:BTCUSDT","t":1665170198317,"v":0.02},{"c":null,"p":19449.08,"s":"BINANCE:BTCUSDT","t":1665170198317,"v":0.02},{"c":null,"p":19449.08,"s":"BINANCE:BTCUSDT","t":1665170198317,"v":0.02},{"c":null,"p":19449.24,"s":"BINANCE:BTCUSDT","t":1665170198317,"v":0.02},{"c":null,"p":19449.43,"s":"BINANCE:BTCUSDT","t":1665170198317,"v":0.02062},{"c":null,"p":19449.44,"s":"BINANCE:BTCUSDT","t":1665170198317,"v":0.00057}],"type":"trade"}

