{"data":[{"c":null,"p":0.97347,"s":"IC MARKETS:1","t":1665169617943,"v":0},{"c":null,"p":19475.61,"s":"BINANCE:BTCUSDT","t":1665169618612,"v":0.00124},{"c":["1","8"],"p":140.45,"s":"AAPL","t":1665169618722,"v":100},{"c":["1","8"],"p":140.45,"s":"AAPL","t":1665169618722,"v":142},{"c":["1","8"],"p":140.45,"s":"AAPL","t":1665169618722,"v":658},{"c":["1","8"],"p":140.45,"s":"AAPL","t":1665169618722,"v":114},{"c":["1","8","12"],"p":140.45,"s":"AAPL","t":1665169618722,"v":16},{"c":["1","8"],"p":140.45,"s":"AAPL","t":1665169618722,"v":175},{"c":["1","8","12"],"p":140.45,"s":"AAPL","t":1665169618722,"v":6},{"c":["1","8"],"p":140.45,"s":"AAPL","t":1665169618722,"v":194}],"type":"trade"}

{"data":[{"c":null,"p":0.97377,"s":"IC MARKETS:1","t":1665169827739,"v":0},{"c":null,"p":19468.1,"s":"BINANCE:BTCUSDT","t":1665169828233,"v":0.06774}],"type":"trade"}

{"data":[{"c":null,"p":0.973805,"s":"IC MARKETS:1","t":1665169833321,"v":0},{"c":null,"p":19474.12,"s":"BINANCE:BTCUSDT","t":1665169834220,"v":0.00958},{"c":["1","12"],"p":118.895,"s":"IBM","t":1665169834303,"v":5},{"c":["1","8"],"p":140.44,"s":"AAPL","t":1665169834344,"v":100},{"c":["1","8","12"],"p":140.44,"s":"AAPL","t":1665169834344,"v":5},{"c":["1","8"],"p":140.44,"s":"AAPL","t":1665169834344,"v":100},{"c":["1","8"],"p":140.44,"s":"AAPL","t":1665169834344,"v":100},{"c":["1","8"],"p":140.44,"s":"AAPL","t":1665169834344,"v":100},{"c":["1","8","12"],"p":118.9,"s":"IBM","t":1665169834347,"v":1},{"c":["1"],"p":118.9,"s":"IBM","t":1665169834347,"v":100}],"type":"trade"}

{"data":[{"c":null,"p":0.97371,"s":"IC MARKETS:1","t":1665169903763,"v":0},{"c":["1","8"],"p":118.85,"s":"IBM","t":1665169904984,"v":120},{"c":["1"],"p":118.85,"s":"IBM","t":1665169904984,"v":100},{"c":["1","8","12"],"p":118.85,"s":"IBM","t":1665169904984,"v":19},{"c":["1"],"p":118.85,"s":"IBM","t":1665169904984,"v":100},{"c":null,"p":19467.28,"s":"BINANCE:BTCUSDT","t":1665169904740,"v":0.00153},{"c":["1","12"],"p":140.3888,"s":"AAPL","t":1665169904787,"v":1},{"c":["1"],"p":118.85,"s":"IBM","t":1665169904984,"v":100},{"c":null,"p":19467.52,"s":"BINANCE:BTCUSDT","t":1665169904834,"v":0.0006},{"c":["1","8","12"],"p":118.85,"s":"IBM","t":1665169904908,"v":1}],"type":"trade"}

{"data":[{"c":null,"p":0.97343,"s":"IC MARKETS:1","t":1665170161743,"v":0},{"c":null,"p":19442.12,"s":"BINANCE:BTCUSDT","t":1665170163528,"v":0.02007},{"c":null,"p":19442.68,"s":"BINANCE:BTCUSDT","t":1665170163588,"v":0.00056},{"c":["1","12"],"p":140.1305,"s":"AAPL","t":1665170163658,"v":2},{"c":["1","12"],"p":140.13,"s":"AAPL","t":1665170163688,"v":1},{"c":["1","12"],"p":140.13,"s":"AAPL","t":1665170163722,"v":1},{"c":null,"p":19442.68,"s":"BINANCE:BTCUSDT","t":1665170163783,"v":0.0217},{"c":["1"],"p":140.135,"s":"AAPL","t":1665170163949,"v":200},{"c":["1"],"p":140.135,"s":"AAPL","t":1665170163983,"v":420},{"c":["1","12"],"p":140.13,"s":"AAPL","t":1665170163973,"v":1}],"type":"trade"}

{"data":[{"c":null,"p":0.973365,"s":"IC MARKETS:1","t":1665170188705,"v":0},{"c":null,"p":19450.26,"s":"BINANCE:BTCUSDT","t":1665170190273,"v":0.0151},{"c":["1","8"],"p":140.1,"s":"AAPL","t":1665170190302,"v":141},{"c":null,"p":19450.09,"s":"BINANCE:BTCUSDT","t":1665170190367,"v":0.02124},{"c":["1","12"],"p":140.1,"s":"AAPL","t":1665170190302,"v":78},{"c":["1","8","12"],"p":140.1,"s":"AAPL","t":1665170190302,"v":1},{"c":["1","8","12"],"p":140.1,"s":"AAPL","t":1665170190302,"v":1},{"c":["1","8","12"],"p":140.1,"s":"AAPL","t":1665170190302,"v":79},{"c":["1","8","12"],"p":140.1,"s":"AAPL","t":1665170190302,"v":42},{"c":["1","12"],"p":140.1,"s":"AAPL","t":1665170190302,"v":78}],"type":"trade"}

{"data":[{"c":null,"p":0.973345,"s":"IC MARKETS:1","t":1665170194494,"v":0},{"c":null,"p":19450.12,"s":"BINANCE:BTCUSDT","t":1665170194698,"v":0.00056},{"c":["1","12"],"p":140.09,"s":"AAPL","t":1665170194884,"v":13},{"c":["1"],"p":140.0932,"s":"AAPL","t":1665170194933,"v":420},{"c":["1"],"p":140.09,"s":"AAPL","t":1665170194941,"v":200},{"c":null,"p":19450.12,"s":"BINANCE:BTCUSDT","t":1665170194965,"v":0.00108},{"c":null,"p":19450.12,"s":"BINANCE:BTCUSDT","t":1665170194965,"v":0.02534},{"c":null,"p":19450.12,"s":"BINANCE:BTCUSDT","t":1665170194966,"v":0.00787},{"c":null,"p":19450.14,"s":"BINANCE:BTCUSDT","t":1665170195021,"v":0.00148},{"c":[],"p":140.105,"s":"AAPL","t":1665170184476,"v":200}],"type":"trade"}

IC MARKETS1: Last price: 0.97452, timestamp: 1665752005087, volume: 0
IC MARKETS1: Last price: 0.97453, timestamp: 1665752011879, volume: 0
IC MARKETS1: Last price: 0.97458, timestamp: 1665752014715, volume: 0
IC MARKETS1: Last price: 0.974645, timestamp: 1665752023270, volume: 0
IC MARKETS1: Last price: 0.97466, timestamp: 1665752023504, volume: 0
